1786 2742
819 58 872 95 40

99 185 250 222 ciuntur
280 184 353 233 (ΙΙΙ
382 184 460 222 410
489 184 550 234 A),
579 185 636 223 vel
662 185 696 223 si
725 185 819 223 dura
848 185 1080 224 medicorum
1108 186 1331 225 crudelitate
1360 186 1522 225 morbosi
1549 188 1587 225 et

99 248 276 287 imbecilli
323 248 549 287 deseruntur
585 248 769 298 exitioque
810 249 1075 298 relinquuntur
1113 250 1186 298 (111
1232 250 1344 300 406),
1397 250 1486 299 quia
1532 250 1585 288 eis

99 313 162 361 qui
197 312 275 350 suis
310 312 439 350 officiis
477 312 674 361 diligenter
715 324 870 362 operam
910 313 1019 358 dent,
1060 325 1108 352 ne
1149 315 1299 363 tempus
1342 314 1496 363 quidem
1536 314 1585 352 ad

99 376 369 425 aegrotandum
406 377 579 426 supersit,
615 377 704 426 quid
745 376 845 416 aliud
881 377 1141 427 philosophum
1175 378 1236 416 his
1268 379 1476 428 praeceptis
1504 389 1585 417 esse

99 442 271 479 secutum
309 452 439 479 censes
478 452 593 489 quam
628 452 825 480 commune
862 442 1027 480 civitatis
1056 442 1293 480 commodum
1320 453 1365 480 ac
1394 442 1586 481 salutem?

98 505 238 544 Eodem
274 507 403 543 autem
437 505 619 554 pertinere
657 506 755 555 quod
793 506 967 544 mulieres
1004 506 1106 544 nuda
1134 518 1288 556 corpora
1316 507 1520 546 exercitant
1548 509 1586 545 et

98 569 263 606 virorum
299 568 408 606 modo
445 569 637 606 luctantur
671 569 720 617 (V
748 569 825 606 452
855 570 902 618 A)
940 571 978 607 et
1006 569 1104 618 quod
1142 569 1247 607 liberi
1275 570 1323 607 ab
1351 571 1475 608 aetate
1502 581 1585 619 pro-

97 634 214 672 vectis
250 633 366 682 geniti
406 635 641 683 exponuntur
675 633 724 683 (V
753 633 831 672 460
862 632 901 679 C,
942 634 1015 672 461
1049 632 1107 685 C),
1136 635 1220 684 quis
1249 636 1307 673 est
1334 634 1426 684 quin
1455 636 1585 685 sponte

96 698 304 745 intellegat.
381 698 551 745 Denique
598 700 642 735 ut
681 698 966 745 diligentissime
1008 701 1279 746 praecaventur
1319 701 1357 736 et
1398 699 1587 737 evitantur

97 771 343 811 quaecunque
371 760 516 799 civitati
535 761 682 800 officere
702 772 746 799 ac
766 772 896 799 nocere
915 761 1069 811 possint,
1099 761 1152 800 sic
1171 761 1296 800 omnia
1315 761 1363 800 ad
1382 761 1586 800 maximam

96 826 235 864 civium
269 826 489 864 felicitatem
522 826 715 874 dirigenda
755 838 837 864 esse
874 828 987 874 atque
1025 827 1164 864 bonum
1202 838 1289 864 cum
1323 827 1405 865 utili
1432 838 1584 875 prorsus

96 901 301 938 congruere
337 890 468 928 multis
505 890 595 927 locis
633 889 686 938 (ΙΙ
723 890 800 927 379
839 889 883 927 Β.
920 889 977 926 ΙΙΙ
1007 890 1085 927 386
1115 889 1156 928 Ο.
1191 889 1223 927 V
1253 890 1330 927 457
1367 890 1398 927 Β
1426 889 1454 928 C
1483 890 1517 927 D
1543 890 1584 928 E.

97 955 175 992 458
205 954 236 992 B
257 954 301 991 E.
330 954 404 992 461
437 955 480 992 A.
511 954 605 1005 462)
637 953 858 992 affirmatur.

206 1038 279 1078 Sed
298 1039 491 1088 pergimus
520 1039 569 1077 ad
596 1039 720 1077 ideam
748 1039 851 1085 iusti,
880 1050 995 1089 quam
1024 1041 1062 1077 et
1089 1040 1211 1089 ipsam
1235 1040 1275 1077 iu
1304 1042 1587 1078 consummatae

96 1104 258 1142 civitatis
286 1103 407 1142 forma
437 1115 481 1142 ac
510 1104 631 1153 specie
660 1103 824 1142 effictam
853 1103 1074 1142 videbimus.
1138 1104 1194 1142 De
1232 1115 1307 1153 qua
1334 1116 1373 1142 re
1400 1104 1586 1154 imprimis

94 1167 472 1205 animadvertendum
510 1170 568 1205 est
603 1167 762 1205 eandem
796 1167 913 1205 trium
948 1168 1115 1217 partium
1143 1167 1327 1206 rationem
1363 1180 1436 1206 non
1465 1169 1586 1206 solum

93 1233 133 1270 in
186 1233 313 1270 animo
361 1234 399 1270 et
448 1232 617 1277 civitate,
672 1232 737 1270 sed
782 1233 898 1270 etiam
944 1233 983 1270 in
1029 1243 1158 1271 rerum
1203 1233 1445 1271 universitate
1489 1232 1588 1271 cerni

96 1296 159 1346 (cf.
189 1296 309 1334 Zeller
336 1296 359 1333 l.
388 1296 411 1333 l.
440 1308 475 1345 p.
507 1296 610 1345 767).
680 1295 781 1333 Nam
807 1296 868 1333 hic
896 1307 1042 1344 quoque
1061 1295 1229 1334 idearum
1258 1296 1316 1333 vel
1341 1296 1496 1334 rationis
1524 1296 1588 1334 do-

95 1360 254 1398 minatio
282 1360 322 1397 in
350 1371 503 1409 corpora
531 1371 596 1409 per
629 1360 773 1398 animos
802 1362 1003 1398 exercetur.
1067 1360 1149 1398 Hoc
1186 1360 1250 1408 qui
1288 1360 1587 1406 consideraverit,

94 1435 232 1474 negare
260 1424 320 1463 vix
347 1424 482 1475 poterit
508 1424 615 1463 illam
643 1424 826 1475 triplicem
863 1426 1058 1464 ternarum
1094 1424 1261 1475 partium
1289 1425 1586 1464 convenientiam

94 1492 394 1538 concentumque
423 1490 514 1527 nihil
542 1501 623 1528 esse
652 1489 753 1527 aliud
781 1490 855 1528 nisi
883 1490 973 1528 iusti
1002 1490 1163 1539 speciem
1192 1491 1305 1538 atque
1332 1490 1536 1538 imaginem
1555 1491 1583 1541 ¹)

93 1554 133 1591 in
161 1554 299 1597 animo,
328 1553 491 1598 civitate,
519 1553 660 1591 mundo
689 1553 872 1598 effictam,
910 1553 1009 1602 quod
1047 1553 1092 1591 de
1121 1553 1271 1591 civitate
1300 1565 1339 1591 se
1366 1554 1420 1591 ita
1448 1554 1584 1592 habere

94 1618 173 1656 iam
202 1628 315 1667 supra
344 1628 387 1656 ex
415 1617 469 1655 VI
499 1617 575 1655 500
604 1617 639 1655 D
668 1617 898 1666 collegimus.
955 1617 1125 1655 Profecto
1144 1617 1370 1666 reipublicae
1400 1617 1586 1667 discripti-

94 1693 204 1719 onem
233 1682 266 1719 si
296 1693 315 1719 e
344 1682 578 1719 contentione
607 1693 696 1719 cum
724 1682 851 1719 anima
885 1683 923 1719 et
950 1681 1090 1719 mundo
1118 1681 1218 1719 facta
1245 1681 1397 1719 fluxisse
1425 1682 1497 1720 hac
1525 1693 1585 1720 ra-

93 1746 193 1783 tione
221 1745 487 1783 confirmatum
524 1746 604 1790 erit,
640 1745 748 1783 facile
789 1745 1025 1794 singulorum
1052 1744 1227 1783 ordinum
1256 1756 1351 1794 quae
1380 1747 1470 1783 sunt
1509 1757 1583 1783 non

93 1809 291 1858 dignitatis
320 1811 471 1847 tantum
507 1811 620 1858 atque
656 1809 890 1848 auctoritatis
918 1809 1107 1859 publicae,
1143 1808 1207 1847 sed
1244 1809 1360 1847 etiam
1395 1808 1582 1860 doctrinae

94 1876 132 1913 et
158 1873 410 1912 humanitatis
439 1873 655 1912 discrimina
693 1875 731 1913 et
768 1874 877 1924 quasi
913 1873 1053 1923 gradus
1082 1873 1128 1912 ad
1159 1884 1269 1912 suam
1297 1885 1453 1912 causam
1480 1885 1585 1913 revo-

92 1949 176 1976 care
205 1938 422 1986 poterimus.
487 1938 596 1976 Falso
633 1939 735 1976 enim
765 1938 1071 1987 Struempellium
1100 1937 1340 1986 (Geschichte
1368 1938 1434 1976 der
1460 1939 1582 1987 prakt.

92 2001 328 2051 Philosophie
347 2001 413 2041 der
433 2000 618 2041 Griechen
638 2001 656 2039 I
675 2014 710 2052 p.
732 2002 822 2041 387.
845 2002 937 2050 772)
958 2000 1203 2047 existimasse,
1224 2001 1321 2051 quod
1341 2000 1389 2040 ad
1408 2001 1580 2040 infimum

92 2076 240 2114 quoque
269 2066 409 2104 civium
436 2077 555 2114 genus
585 2077 673 2104 cum
701 2066 775 2103 alia
819 2077 915 2114 quae
955 2065 1193 2113 corrigendae
1221 2065 1438 2115 disciplinae
1467 2076 1582 2103 causa

91 2130 130 2168 in
158 2129 350 2179 republica
378 2129 545 2169 Platonis
582 2130 868 2169 instituerentur
913 2131 997 2168 tum
1025 2128 1119 2168 illud
1147 2129 1350 2179 pertineret
1378 2129 1476 2179 quod
1504 2129 1581 2168 Ho-

202 2290 226 2331 ¹)
249 2290 474 2331 Ueberwegius
499 2289 671 2322 Grundril's
694 2290 709 2321 I
733 2300 763 2331 p.
790 2290 851 2323 155
886 2300 947 2321 non
977 2289 1077 2321 infert.
1104 2289 1164 2321 nisi
1197 2288 1284 2321 ideae
1312 2288 1384 2321 boni
1414 2289 1446 2321 in
1475 2289 1578 2321 tribus

87 2344 164 2383 illis,
196 2344 319 2383 anima,
349 2344 493 2383 civitate,
528 2343 646 2374 mundo
675 2344 860 2383 conspicuae
890 2343 1098 2382 mentionem,
1132 2343 1289 2374 iustitiam
1320 2343 1451 2374 omittit.
1497 2343 1578 2373 Sane

88 2397 200 2437 optimi
223 2397 342 2437 species
372 2407 408 2428 ea
431 2398 480 2428 est
502 2406 582 2437 quae
607 2396 740 2428 virtutes
774 2406 882 2427 omnes
912 2396 1068 2428 salutares
1098 2406 1134 2427 ac
1163 2395 1341 2427 fructuosas
1369 2395 1482 2427 reddat
1522 2395 1576 2435 (cf.

88 2450 134 2481 VI
159 2451 221 2483 505
238 2450 290 2491 A),
313 2449 367 2481 sed
391 2450 487 2482 trium
511 2450 610 2481 animi
640 2452 670 2481 et
693 2450 834 2481 civitatis
858 2450 996 2489 pai-tium
1020 2449 1282 2489 conspirationem
1308 2449 1483 2489 iustitiam,
1514 2459 1573 2480 non

87 2503 259 2535 bonitatem
283 2513 351 2535 esse
373 2502 502 2535 docetur
526 2503 573 2534 IV
595 2503 659 2535 443
676 2503 714 2534 D.
