1786 2742
839 58 863 95 6

105 184 365 231 adscribimus,
386 185 499 223 verba
518 186 610 223 sunt
628 185 740 224 haec:
772 178 988 236 Χαρώνδου
1008 178 1043 223 δ>
1047 179 1158 224 οὐδέν
1178 184 1285 224 ἐστιν
1302 182 1406 225 ἴδιον
1426 181 1530 239 πλὴν
1548 184 1591 226 αἱ

106 246 217 288 δίκαι
251 247 329 288 τῶν
357 246 703 301 ψευδομαρτυριῶν
740 247 916 301 (πρῶτος
949 244 1021 301 γὰρ
1050 246 1215 303 ἐποίησε
1241 244 1310 303 τὴν
1338 248 1589 304 ἐπίσκηψιν),

104 311 151 364 τῇ
179 305 400 364 δ’ἆκριβείᾳ
427 311 505 351 τῶν
531 308 659 362 νόμων
687 311 774 351 ἐστὶ
802 308 1097 365 γλαφυρώτερος
1124 312 1193 351 καὶ
1219 312 1299 352 τῶν
1325 312 1388 353 νῦν
1415 317 1587 364 νομοθε-

103 374 193 414 τῶν.
252 374 407 414 Φαλέου
447 369 590 415 δ’ἴδιον
630 369 653 428 ἦ
694 374 772 414 τῶν
815 368 956 415 οὐσιῶν
996 369 1264 426 ἀνομάλωσις,
1310 372 1592 451 Πλάτ)ωνος

105 433 151 478 δ
159 434 193 492 ἡ’
206 453 258 478 τε
302 438 398 478 τῶν
443 438 694 491 γυναικῶν
738 438 825 478 καὶ
872 437 1076 478 παίδων
1130 439 1218 479 καὶ
1270 440 1358 513 τῆς
1412 435 1592 488 οὐσίας

105 516 344 555 κΟινΟτης
385 517 467 541 και
494 497 544 541 τὰ
572 500 757 541 συσσίτια
797 501 876 541 τῶν
911 517 1120 554 γυναικων,
1160 501 1219 543 ‹Sl'l't
1261 497 1297 543 ὅ
1334 518 1356 542 O
1393 518 1487 555 περι
1523 499 1593 557 τὴν

103 566 234 620 μέθην
269 562 398 618 νόμος,
434 561 481 606 τὸ
515 562 606 614 τοὺς
633 561 827 620 νήφοντας
854 570 1181 620 συμποσιαρχεῖν,
1218 567 1287 607 καὶ
1325 563 1393 621 τὴν
1429 567 1470 607 ἐν
1506 571 1592 616 τοῖς

104 630 341 679 πολεμικοῖς
367 623 535 682 ἄσκησιν
563 624 677 676 ὅπως
704 623 939 682 ἀμφιδέξιοι
967 628 1150 681 γίνωνται
1177 626 1279 669 κατὰ
1314 626 1383 684 τὴν
1415 624 1601 684 μελέτην,

104 687 158 741 ὦς
185 692 275 733 δέον
301 688 355 748 μὴ
382 688 452 747 τὴν
477 692 551 745 μὲν
583 688 773 747 χρήσιμον
809 688 910 733 εἶναι
937 696 1022 734 τοῖν
1047 696 1184 747 χεροῖν,
1221 689 1290 748 τὴν
1317 693 1362 735 δὲ
1389 687 1589 749 ἄχρηστον.

105 753 333 810 Δράκοντος
360 757 405 797 δὲ
433 753 547 807 νόμοι
573 757 646 807 μέν
673 755 752 797 εἱσι
781 788 790 796 .
813 788 822 796 .
852 788 861 796 .
885 788 894 796 .
922 788 931 797 .
956 788 965 797 .
994 788 1003 797 .
1035 758 1186 810 ἐγένετο
1215 758 1260 798 δὲ
1287 759 1356 797 καὶ
1386 754 1591 806 Πιττακὸς

102 817 231 873 νόμων
268 817 502 876 δημιουργός
537 852 747 862 ......
787 820 939 875 ἐγένετο
976 821 1021 862 δὲ
1057 821 1126 862 καὶ
1153 815 1437 875 Ἀνδροδάμας
1472 837 1588 874 νομο-

105 886 227 938 θέτης
254 887 337 925 κτλω
408 888 518 926 Haec
546 890 700 937 apparet
727 888 780 926 ita
808 890 961 926 tantum
990 888 1037 925 ad
1066 889 1164 926 hanc
1191 900 1271 926 rem
1311 888 1590 927 diiudicandam

104 950 277 989 nonnihil
304 950 443 990 habere
470 950 664 1001 ponderis,
693 951 725 989 si
752 951 833 989 voci
864 944 1080 997 Πλάτωνος
1106 951 1317 1001 oppositum
1345 951 1593 990 subaudiatur

59 1040 61 1042 -
102 1009 261 1053 πάντων
288 1007 324 1053 δ’
352 1006 480 1053 ἄλλων
506 1007 734 1066 ἀνθρώπων
763 1006 807 1053 οὗ
836 1015 901 1064 (80.
931 1008 954 1066 ἦ
982 1009 1160 1067 κοινότης
1188 1013 1323 1066 ἐστίν).
1380 1015 1487 1063 Quod
1514 1027 1589 1054 non

99 1079 154 1117 ita
181 1090 263 1117 esse
292 1079 468 1117 contextu
496 1079 674 1117 orationis
703 1079 949 1127 cognoscitur.
996 1078 1127 1128 Neque
1155 1079 1257 1117 enim
1285 1090 1406 1117 sermo
1435 1080 1493 1117 est
1517 1079 1589 1117 nisi

101 1142 148 1182 de
185 1143 411 1193 philosophis
450 1142 514 1192 qui
552 1143 720 1193 aliquam
752 1143 959 1182 doctrinam
997 1143 1143 1182 civilem
1179 1143 1415 1182 tradiderunt
1442 1144 1510 1182 aut
1544 1143 1589 1182 de

100 1207 331 1258 principibus
368 1207 433 1257 qui
470 1207 741 1258 rebuspublicis
775 1208 836 1247 vel
872 1207 1119 1247 immutandis
1166 1207 1485 1258 emendandisque
1531 1208 1587 1247 vel

100 1272 372 1310 constituendis
400 1283 445 1310 ac
472 1272 675 1311 condendis
704 1284 855 1321 operam
884 1272 1077 1311 dederunt.
1124 1272 1247 1310 Huius
1267 1273 1416 1321 generis
1436 1284 1589 1311 enume-

100 1337 234 1375 rantur
268 1335 452 1376 Zaleucus
482 1334 697 1375 Charondas
733 1336 928 1375 Philolaus
962 1335 1084 1374 Draco
1112 1335 1281 1375 Pittacus
1316 1335 1589 1383 Androdamas‚

100 1401 201 1438 illius
230 1401 338 1438 Plato
375 1403 413 1439 et
451 1401 623 1439 Phaleas.
681 1400 778 1438 Cum
811 1401 926 1449 igitur
952 1401 1217 1439 tantummodo
1244 1412 1333 1450 prae
1361 1401 1493 1439 ceteris
1522 1402 1588 1449 qui

100 1464 326 1502 nominatim
354 1464 592 1514 appellantur
619 1464 985 1514 rerumpublicarum
1013 1465 1081 1502 aut
1108 1464 1361 1503 conditoribus
1388 1465 1455 1502 aut
1474 1464 1590 1514 scrip-

101 1529 246 1567 toribus
274 1528 423 1568 Platoni
451 1529 665 1567 communio
694 1529 877 1567 bonorum
905 1530 943 1567 et
970 1529 1174 1567 mulierum
1201 1531 1246 1567 ut
1273 1539 1343 1567 sua
1370 1528 1588 1575 vindicetur,

103 1593 228 1631 elucet
255 1593 358 1630 1111110
385 1593 510 1630 10011111
539 1603 561 1630 a
589 1592 805 1641 quaestione
833 1593 961 1630 nostra
988 1592 1138 1630 omnino
1166 1592 1333 1630 alienum
1360 1603 1452 1630 esse.

210 1655 289 1696 Nec
324 1667 431 1696 secus
467 1656 513 1695 de
549 1656 666 1696 altero
698 1656 778 1695 loco
813 1667 837 1695 a
870 1656 1164 1695 Teichmuellero
1201 1655 1372 1703 laudato,
1416 1657 1481 1706 qui
1515 1668 1590 1695 non

101 1721 223 1759 multo
273 1721 362 1759 ante
410 1721 548 1769 legitur
591 1720 645 1769 (ΙΙ
689 1721 793 1759 1266
836 1732 858 1759 a
887 1720 965 1770 30),
1012 1720 1257 1758 iudicandum
1299 1732 1380 1759 esse
1422 1720 1589 1760 videtur:

101 1781 181 1823 εἰσὶ
209 1783 255 1823 δέ
281 1797 383 1831 τινες
410 1783 613 1823 πολιτεῖαι
640 1783 710 1823 καὶ
733 1774 861 1832 ἄλλαι,
892 1778 940 1823 αἳ
958 1782 1031 1834 μὲν
1054 1778 1288 1837 φιλοσόφων
1309 1782 1378 1823 καὶ
1407 1780 1588 1832 ἰδιωτῶν,

102 1844 150 1887 αἳ
186 1847 232 1887 δὲ
273 1846 504 1897 πολιτικῶν,
517 1849 546 1899 1)
588 1847 721 1887 πᾶσαι
762 1847 807 1887 δὲ
843 1846 922 1887 τῶν
957 1846 1256 1901 καθεστηκυιῶν
1297 1847 1367 1887 καὶ
1405 1841 1503 1887 καθ’
1541 1838 1590 1895 ἃς

214 1977 237 2017 ¹)
260 1976 313 2008 Sic
335 1976 419 2008 enim
438 1976 640 2009 scribendum
664 1975 883 2017 traditumque
898 1976 989 2008 libris
1005 1986 1102 2008 manu
1125 1976 1252 2016 scriptis
1275 1977 1307 2007 et
1320 1975 1423 2007 latins¹
1438 1975 1588 2007 Guilelmi

101 2030 140 2062 de
162 2029 333 2062 Moerbeka
354 2030 565 2062 translatione
587 2029 841 2061 commendatum
865 2029 1006 2061 ordinem
1030 2029 1194 2061 verborum
1225 2029 1262 2059 αἳ
1288 2031 1350 2069 μὲν
1373 2028 1522 2065 ἰδιωτῶν,
1555 2029 1591 2059 αἳ

101 2082 138 2114 δὲ
161 2081 353 2125 φιλοσόφων
376 2087 431 2114 καὶ
452 2082 631 2114 πολιτικῶν
661 2081 903 2123 relinquendum
925 2080 1002 2114 ‘esse
1032 2082 1088 2123 (sc.
1116 2082 1192 2123 quia
1212 2081 1394 2123 philosophi
1424 2083 1462 2113 ut
1483 2081 1589 2122 priva-

102 2138 209 2168 torum
232 2146 307 2177 pars
329 2135 411 2168 falso
434 2136 485 2168 his
508 2137 711 2177 opponuntur
733 2137 765 2168 et
787 2135 905 2168 rectius
926 2145 998 2168 011111
1022 2135 1067 2167 eis
1090 2135 1291 2176 copulantur)
1314 2134 1502 2177 Spengelius
1517 2144 1589 2167 cen-

100 2190 176 2229 suit,
207 2191 257 2223 0111
290 2192 451 2231 postremo
473 2190 569 2223 etiam
601 2189 813 2223 Susemihlius
844 2191 892 2222 est
926 2188 1143 2231 adstipulatus
1174 2189 1241 2231 (Ar.
1263 2188 1384 2222 Politik
1416 2188 1535 2230 griech.
1558 2199 1589 2221 11.

100 2243 243 2275 deutsch.
267 2254 296 2275 v.
320 2243 482 2275 Susemihl
512 2245 545 2276 et
574 2244 607 2275 in
636 2243 773 2275 editione
802 2243 922 2275 minore
951 2243 1120 2284 Teubner),
1151 2252 1233 2283 quae
1262 2242 1590 2284 quidem-coniectura

100 2296 305 2328 verisimilior
333 2295 460 2328 videtur
482 2306 576 2337 quam
608 2295 692 2337 quod
723 2296 892 2328 Piccartus
914 2296 1095 2336 suspicatus
1124 2296 1187 2327 est:
1225 2294 1263 2326 αἳ
1281 2297 1344 2336 μὲν
1373 2294 1515 2327 ἰδιωτῶν
1535 2298 1590 2325 καὶ

101 2347 302 2393 φιλοσόφων,
326 2360 519 2392 quamquam
550 2349 591 2383 ad
615 2349 803 2383 sententiam
827 2349 910 2382 nihil
933 2348 1050 2382 differt.
1103 2348 1186 2382 Nam
1217 2348 1244 2381 si
1275 2348 1428 2390 scriptum
1457 2349 1526 2381 erat
1556 2348 1593 2379 αἳ

100 2407 162 2444 μὲν
185 2402 376 2446 φιλοσόφων
397 2407 451 2434 καὶ
475 2403 625 2440 ἰδιωτῶν,
658 2404 695 2433 αἳ
722 2402 759 2434 δὲ
789 2402 980 2440 πολιτικῶν,
1012 2403 1106 2435 facile
1127 2404 1254 2443 poterat
1276 2402 1416 2434 accidere
1444 2404 1482 2433 ut
1508 2402 1591 2434 oculi

101 2456 224 2488 librarii
241 2458 315 2497 post
337 2456 374 2486 αἳ
393 2458 456 2496 μὲν
473 2455 615 2488 ἰδιωτῶν
629 2455 671 2488 ad
687 2456 867 2496 oppositum
890 2455 935 2486 αἳ
955 2455 1000 2487 δὲ
1022 2455 1205 2487 aberrarent
1220 2455 1385 2487 interiecto
1401 2452 1591 2496 φιλοσόφων

101 2509 227 2542 1101111110
249 2510 487 2551 praetermisso,
518 2509 603 2550 quod
634 2510 666 2541 in
690 2509 833 2551 margine
855 2508 1053 2549 adscriptum
1082 2509 1193 2549 postea
1215 2508 1318 2540 alieno
1340 2508 1407 2540 loco
1438 2507 1590 2540 orationis
