1786 2742
864 78 914 115 53

143 202 190 247 τὸ
215 203 417 259 μηδέποτε
445 199 583 255 ὁμοίου
610 204 679 244 καὶ
706 202 853 257 θνητοῦ
879 203 949 243 καὶ
976 196 1071 243 αὐτὸ
1103 202 1281 244 τοιοῦτον
1306 196 1351 243 ’ὃν
1377 202 1445 243 καὶ
1474 203 1515 242 ἑν
1540 219 1624 244 τοι-

146 265 247 322 οὗτῳ
275 264 519 322 γιγνόμενονς
573 270 678 319 Quae
714 281 945 320 quamquam
981 271 1110 320 procul
1138 269 1250 308 dubio
1277 270 1332 308 ita
1359 271 1449 308 sunt
1476 281 1624 319 compa-

143 337 227 375 rata
263 337 308 374 ut
342 328 388 373 τὸ
416 326 488 373 >del
523 327 660 383 ὅμοιον
685 332 755 372 καὶ
781 325 984 372 ἀθάνατον
1010 332 1079 372 καὶ
1106 326 1278 386 ἀλήθεια
1304 334 1399 372 nihil
1425 334 1542 383 possit
1568 334 1624 372 in-

143 399 268 448 tellegi
316 399 418 437 aliud
468 409 583 447 quam
629 409 716 437 vera
755 398 918 437 essentia
960 408 1055 447 quae
1090 397 1184 436 ideis
1220 398 1446 443 continetur,
1492 399 1622 436 tamen

145 462 336 502 Krohnius
366 462 417 512 (d.
445 462 534 512 plat.
563 462 621 500 Fr.
649 474 684 513 p.
715 462 807 513 107)
828 472 914 501 eam
940 462 1286 512 interpretationem
1312 461 1526 512 improbans
1554 462 1624 500 hoc

144 527 329 576 imprimis
355 527 395 565 iu
413 527 641 565 contrariam
659 528 807 576 partem
829 526 936 565 affert
954 526 1064 575 quod,
1093 538 1180 564 cum
1198 527 1303 564 nullo
1321 527 1431 565 verbo
1450 526 1622 565 absoluta

145 590 360 630 exsistentia
380 601 402 628 a
420 590 574 629 relativa
592 590 651 628 vel
678 583 725 627 τὸ
752 581 797 627 {iv
822 601 845 627 a
871 586 928 641 τῷ
946 587 1160 640 γιγνομένῳ
1178 589 1622 639 discernatu11),‚nullam

143 656 205 693 ille
241 655 344 693 locus
379 666 467 693 cum
501 655 607 693 libris
644 654 838 700 v-VH,
872 665 1031 703 quorum
1062 654 1126 692 illa
1164 654 1213 692 sit
1248 654 1394 703 propria
1422 654 1620 700 distinctio,

144 718 458 760 necessitudinem
494 720 562 757 aut
595 718 854 767 cognationem
888 717 1037 756 habeat.
1102 717 1176 756 Sed
1210 718 1318 766 longe
1359 708 1466 756 secus
1493 729 1554 756 res
1582 729 1622 756 se

144 784 269 823 habet.
324 782 423 822 Nam
451 795 539 822 cum
567 783 673 822 Plato
701 783 863 833 proxime
893 785 1005 823 antea
1031 776 1078 821 τὸ
1106 775 1221 835 δόξης
1248 795 1291 821 τε
1317 774 1491 835 ἀληθοῦς
1517 775 1624 829 εἶδος

143 846 212 885 καὶ
240 842 497 899 ἕπιστὴμηςῧ)
526 848 882 893 commemoraverit,
910 848 976 885 illa
1003 850 1132 885 autem
1160 848 1209 885 ad
1226 848 1433 892 relativam,
1462 848 1554 885 haec
1574 848 1623 885 ad

143 912 355 951 absolutam
389 912 592 951 essentiam
627 912 829 962 pertineat,
865 911 1013 961 oblique
1049 911 1165 950 etiam
1202 911 1275 950 duo
1313 911 1406 950 haec
1439 911 1621 951 essent-iae

143 988 281 1024 genera
308 976 526 1024 designavit.
588 977 711 1025 Atque
746 976 847 1014 haud
885 976 959 1014 scio
988 987 1036 1014 an
1063 969 1109 1013 τὸ
1136 973 1204 1013 τοῦ
1231 967 1293 1014 ἀεὶ
1322 969 1459 1024 ὁμοίου
1487 969 1620 1024 ἐχόμε-

142 1054 207 1079 νον
220 1041 249 1091 3)
279 1038 347 1078 καὶ
375 1031 578 1079 ἀθανάτου
596 1035 665 1078 καὶ
692 1031 883 1092 ἀληθείας
910 1039 959 1079 ad
977 1050 1104 1079 veram
1123 1040 1345 1090 opinionem,
1372 1039 1506 1090 quippe
1526 1051 1621 1089 quae

140 1105 338 1143 veritatem
366 1105 436 1143 etsi
463 1116 538 1143 non
564 1105 712 1151 habeat,
741 1108 869 1143 tamen
897 1106 995 1143 certe
1032 1106 1227 1153 sequatur,
1265 1096 1360 1142 αὐτὸ
1369 1105 1400 1154 ⁴)
1444 1101 1622 1142 τοιοῦτον

141 1160 185 1207 όν
211 1168 260 1207 ad
287 1168 401 1215 ideas,
431 1166 471 1207 ἐν
497 1181 662 1220 τοιοιτῳ
690 1162 913 1220 γιγνόμενον
930 1168 979 1208 ad
997 1168 1072 1208 veri
1091 1168 1286 1208 scientiam
1314 1170 1465 1219 spectet.
1513 1167 1621 1217 Quod

142 1235 270 1272 autem
305 1233 495 1272 Krohnius
532 1227 578 1271 τὸ
612 1224 655 1271 όν
692 1235 729 1272 et
763 1227 809 1271 τὸ
846 1227 1068 1284 γιγνόμενον
1104 1245 1177 1271 non
1211 1233 1371 1272 discerni
1405 1233 1497 1271 dicit
1529 1234 1622 1272 haec

141 1297 345 1336 adnotans:
388 1290 480 1336 ‘Das
509 1289 603 1335 αὐτὸ
629 1310 806 1336 τοιουτου
834 1311 877 1335 ον
902 1296 972 1335 καὶ
1000 1295 1040 1335 ἐν
1066 1291 1231 1348 τοιούτῳ
1260 1291 1481 1348 γιγνόμενον
1515 1297 1620 1347 zeigt,

141 1361 222 1400 dass
249 1373 290 1400 er
315 1362 408 1400 uber
435 1362 503 1400 das
532 1361 696 1400 Werden
725 1362 820 1400 noch
847 1363 982 1400 ebenso
1000 1362 1283 1411 unverfanglich
1302 1362 1437 1400 dachte
1465 1362 1531 1400 wie
1558 1373 1622 1399 am

140 1416 313 1474 Beginn'‚
341 1426 454 1464 verba
481 1425 648 1464 Platonis
675 1437 809 1476 pamm
843 1426 1072 1476 perspexisse
1110 1426 1349 1471 convincitur,
1378 1425 1512 1475 quippe
1541 1425 1622 1474 qui—

140 1489 211 1528 bus
239 1490 332 1528 nihil
359 1490 463 1528 aliud
490 1490 700 1529 declaretur
728 1502 842 1539 quam
869 1490 948 1529 veri
972 1490 1221 1539 cognitionem
1239 1490 1316 1529 veri
1345 1490 1422 1529 sive
1448 1490 1620 1529 idearum

139 1554 452 1604 contemplatione
480 1555 584 1593 nasci
614 1552 671 1604 (ἐν
696 1552 753 1606 τῷ
779 1548 944 1606 τοιούτῳ
973 1548 1222 1605 γιγνόμενον).
1278 1554 1457 1593 Veritatis
1491 1555 1621 1593 autem

139 1618 313 1657 notitiam
340 1630 412 1657 non
441 1619 489 1658 ab
516 1619 622 1658 initio
651 1631 745 1665 esse,
774 1619 839 1658 sed
867 1620 989 1669 aliquo
1016 1621 1180 1669 tempore
1199 1619 1431 1669 percipiendo
1459 1620 1497 1657 et
1520 1630 1622 1657 com—

140 1683 399 1733 prehendendo
441 1684 526 1723 oriri
572 1696 618 1723 ne
658 1684 850 1723 Krohnius
893 1683 1048 1733 quidem
1088 1684 1251 1733 negabit.
1322 1683 1403 1732 Quo
1446 1695 1619 1722 concesso

139 1749 286 1786 nullam
319 1760 465 1787 moram
500 1749 772 1798 interponimus
807 1749 897 1798 quin
934 1750 1036 1788 hunc
1073 1760 1218 1798 quoque
1253 1749 1376 1788 locum
1405 1750 1618 1788 statuamus

249 1919 272 1959 ¹)
294 1919 330 1950 L.
353 1928 378 1950 c.
424 1918 475 1950 Sie
504 1918 567 1959 (die
589 1919 726 1960 Namen)
754 1919 899 1951 erinnem
929 1919 1010 1951 auch
1047 1919 1148 1951 weder
1170 1930 1210 1952 an
1240 1919 1297 1951 das
1320 1920 1359 1960 V,
1390 1919 1469 1951 noch
1497 1930 1537 1951 an
1560 1919 1618 1951 das

139 1972 186 2004 VI
209 1982 238 2005 u.
263 1971 329 2004 VII
351 1971 450 2013 Buch,
473 1971 503 2003 d.
527 1971 557 2004 h.
585 1971 684 2004 weder
706 1982 747 2004 an
770 1971 828 2004 den
852 1972 1062 2005 Unterschied
1090 1972 1145 2004 der
1174 1972 1340 2005 absoluten
1369 1972 1434 2005 und
1463 1973 1619 2004 relativcn

145 2026 305 2067 Existenz,
328 2025 409 2058 noch
431 2035 471 2057 an
494 2024 555 2057 den
578 2025 632 2057 des
655 2024 745 2057 Scins
768 2025 833 2057 und
855 2025 1016 2058 Werdens.

249 2090 274 2131 ²)
299 2088 389 2129 Quod
411 2088 561 2129 adiungit
589 2088 647 2120 τοῦ
668 2089 726 2120 νοῦ
755 2091 788 2121 et
816 2087 917 2125 δόξαν
945 2091 977 2121 et
1007 2088 1191 2130 ἐπιστήμην
1223 2090 1434 2131 complectens
1472 2091 1617 2123 universe

140 2143 393 2184 intellegentiam
416 2142 481 2174 sive
503 2144 640 2174 mentem
663 2142 842 2183 significare
863 2142 998 2175 videtur.

248 2209 275 2248 ³)
297 2206 442 2249 ἔχεσθαί
461 2219 549 2240 τινος
562 2205 648 2248 apud
663 2205 827 2239 Platonem
840 2216 988 2249 persaepe
1003 2207 1181 2249 significare
1197 2203 1388 2240 ‘constanter
1400 2203 1498 2250 sequi’
1515 2208 1618 2241 multa

141 2261 283 2304 exempla
305 2261 345 2294 ab
368 2261 459 2293 Astio
482 2261 627 2301 (Lexicon
649 2260 747 2301 Plat.)
769 2261 901 2294 collecta
923 2261 1043 2294 docent.
1086 2262 1134 2294 Cf.
1152 2263 1228 2304 Leg.
1252 2263 1314 2296 709
1330 2263 1356 2295 C
1378 2262 1436 2302 τῆς
1459 2258 1619 2302 ἀληθείας

140 2314 289 2355 ejecique,
320 2313 416 2355 Gorg.
441 2315 503 2347 499
519 2314 555 2346 Β.
580 2314 617 2346 de
633 2314 709 2354 Rep.
732 2314 762 2345 X
785 2314 845 2347 621
870 2314 896 2346 C
918 2314 976 2353 τῆς
997 2310 1074 2346 ὁδοῦ
1097 2312 1148 2346 dez
1173 2313 1327 2356 ἑξόμεθα,
1351 2316 1428 2357 Leg.
1446 2316 1493 2348 lV
1509 2317 1571 2349 716
1588 2317 1614 2347 A

140 2367 206 2400 alia
227 2367 340 2400 multa.

244 2433 270 2470 ⁴)
292 2431 326 2462 Si
349 2431 420 2471 quis
441 2433 517 2463 ante
550 2427 629 2462 αὐτὸ
650 2431 800 2462 τοιοῦτον
822 2428 859 2461 ὃν
881 2433 913 2462 et
935 2435 972 2462 ἐν
993 2430 1131 2471 τοιούτῳ
1153 2431 1354 2474 γιγνόμενον,
1384 2434 1530 2473 quoniam
1555 2434 1618 2465 tria

140 2482 199 2515 hoc
221 2483 289 2517 loco
312 2483 563 2526 distinguantur,
585 2482 624 2516 τό
648 2483 882 2526 desideraverit,
911 2484 1083 2517 articulum
1105 2485 1152 2518 ita
1174 2496 1249 2527 prae
1271 2486 1382 2519 ceteris
1411 2486 1618 2527 scriptoribus

137 2547 268 2576 graecos
285 2537 538 2578 frequentissime
561 2549 581 2571 a
603 2538 737 2570 Platone
758 2539 863 2570 omitti
886 2538 977 2571 docet
998 2539 1125 2580 Kueger
1146 2540 1272 2573 Griech.
1298 2540 1405 2575 Graiu.
1424 2542 1442 2581 ἕ
1460 2541 1511 2581 58,
1534 2540 1564 2581 2,
1590 2542 1617 2573 1.
