1786 2742
867 54 918 90 45

159 181 287 228 neget;
326 191 395 218 nec
433 180 620 229 scriptoris
648 182 716 225 est,
753 180 981 228 simulatque
1010 180 1057 217 ad
1086 180 1324 217 scribendum
1353 191 1391 217 se
1421 180 1631 224 accinxerit,

158 243 375 281 universam
409 243 496 281 libri
530 243 628 292 quod
667 243 717 281 sit
752 243 986 282 confecturus
1019 243 1218 281 materiam
1254 243 1474 281 minutatim
1508 245 1634 281 mente

156 299 346 356 concipere
384 318 429 345 ac
466 306 665 346 discribere
701 307 856 357 (nemini
893 307 1005 352 enim,
1044 302 1192 346 etiamsi
1228 318 1300 345 uno
1329 309 1456 346 tenore
1485 307 1634 352 scribat,

155 383 233 410 non
268 372 391 410 multa
425 372 645 421 necopinata
684 372 725 410 in
767 373 933 410 mentem
974 371 1179 422 incidunt),
1223 371 1440 417 dummodo,
1483 371 1548 410 ubi
1586 371 1634 409 ad

160 435 311 484 singula
340 447 509 485 quaeque
538 436 754 485 explicanda
782 436 990 481 accesserit,
1022 436 1282 485 disputationis
1310 436 1475 473 ordinem
1504 436 1632 485 paucis

157 500 320 538 definiat.
376 500 627 547 Quamobrem
656 512 702 539 ne
730 500 768 538 id
800 500 950 549 quidem
978 500 1143 538 Krohnio
1171 500 1407 538 concedimus
1435 500 1632 538 Platonem

156 574 291 612 parum
330 564 403 602 sibi
439 565 609 602 constare
647 564 685 601 in
713 566 899 613 postremo
935 564 1027 601 libro
1065 566 1197 612 quarto
1225 566 1402 612 quattuor
1429 564 1633 602 iniustitiae

157 637 293 674 genera
321 626 622 675 distinguentem,
651 638 738 665 cum
766 628 877 665 antea
904 638 1024 664 unum
1044 627 1291 675 appellaverit.
1347 627 1513 664 Profecto
1533 627 1632 664 enim

154 690 219 729 illa
246 690 396 729 Platoni
428 702 506 729 non
534 694 621 729 ante
650 693 731 729 erat
764 691 802 729 in
831 702 919 728 suas
955 692 1079 740 partes
1108 690 1303 728 dividenda
1331 702 1445 739 quam
1474 690 1522 728 ad
1550 702 1633 728 eam

155 765 236 793 rem
264 755 501 793 tractandam
527 766 655 794 revera
687 755 924 805 pervenisset.

265 839 343 879 Nec
370 840 506 879 iustius
534 841 634 879 idem
662 841 701 878 in
730 852 770 879 eo
798 840 951 878 offendit
979 840 1077 888 quod
1105 840 1355 889 philosophus,
1387 852 1474 877 cum
1503 840 1633 877 statim

156 895 312 953 (αὐτίκα
341 902 386 942 δὲ
412 898 480 956 τὴν
508 900 683 942 ἐναντίαν
710 897 964 955 σκεψόμεθα)
993 916 1073 943 sese
1105 904 1267 954 optimae
1295 904 1520 942 contrariam
1547 903 1635 942 civi—

155 968 273 1005 tatem
301 979 564 1017 expressurum
593 980 674 1006 esse
701 968 890 1017 pollicitus
920 969 978 1013 sit,
1008 971 1135 1005 tamen
1163 969 1249 1005 huic
1278 969 1457 1017 promisso
1477 969 1631 1006 demum

156 1032 286 1069 octavo
314 1032 407 1069 libro
429 1031 530 1080 (inde
547 1043 569 1069 a
588 1031 680 1069 VIII
704 1033 781 1069 543
801 1032 851 1081 D)
881 1031 1097 1070 satisfaciat.
1154 1032 1326 1080 Namque
1355 1043 1398 1070 ea
1427 1034 1484 1070 est
1502 1032 1633 1081 prioris

152 1094 224 1132 loci
259 1096 445 1133 sententia
481 1098 525 1132 ut
562 1095 668 1132 Plato
703 1107 777 1133 non
814 1095 1008 1133 confestim
1043 1097 1080 1133 et
1117 1096 1196 1133 sine
1232 1094 1310 1133 ulla
1338 1107 1441 1133 mora
1476 1107 1514 1133 se
1542 1095 1633 1133 illud

151 1157 340 1196 facturum
381 1158 498 1204 dicat,
542 1158 624 1203 sed,
652 1170 740 1196 cum
780 1159 945 1208 primum
986 1158 1167 1208 optimam
1209 1158 1399 1197 civitatem
1437 1158 1631 1207 perfecerit

154 1219 232 1270 (νῦν
257 1220 329 1270 μὲν
357 1213 421 1259 οὖν
448 1216 516 1274 τὴν
542 1214 754 1270 εὐδαίμονα
782 1216 1006 1270 πλάττομεν
1026 1252 1034 1259 .
1065 1251 1074 1260 .
1106 1252 1114 1259 .
1147 1252 1155 1259 .
1187 1216 1328 1260 αὐτίκα
1356 1220 1400 1260 δὲ
1428 1216 1495 1274 τὴν
1524 1219 1631 1259 ἕναν-

153 1281 242 1323 τίαν
269 1279 537 1336 σκεψόμεθα),
567 1286 697 1324 statim
726 1286 774 1324 ad
802 1286 982 1324 iniustam
1010 1298 1160 1336 pergere
1189 1286 1259 1324 sibi
1279 1288 1467 1336 proponat.
1525 1286 1630 1334 Quod

153 1350 381 1397 promissum
422 1351 594 1388 absoluta
636 1350 681 1387 de
722 1350 867 1387 iustitia
908 1351 1071 1388 oratione
1111 1350 1150 1387 in
1192 1350 1321 1388 eodem
1362 1351 1455 1389 libro
1498 1353 1630 1399 quarto

155 1412 247 1462 (445
267 1414 300 1451 A
319 1412 351 1451 B
372 1412 401 1452 O
420 1413 454 1451 D
474 1413 516 1452 Ε.
554 1413 631 1452 449
663 1414 710 1463 Α)
753 1413 972 1463 impleturus
1015 1415 1086 1459 est,
1131 1425 1218 1451 cum
1259 1414 1307 1451 ab
1349 1413 1550 1451 Adimanto
1593 1416 1631 1451 et

154 1476 343 1516 Glaucone
379 1478 635 1527 interpellatus
673 1489 876 1526 eorumque
915 1478 1233 1516 adhortationibus
1271 1480 1461 1527 permotus
1493 1478 1539 1516 ad
1569 1479 1632 1516 bo-

152 1552 286 1579 norum
325 1543 362 1579 et
406 1542 608 1580 mulierum
652 1541 952 1579 communionem
999 1542 1135 1579 certius
1171 1542 1464 1579 confirmandam
1506 1543 1630 1579 trans—

152 1604 329 1652 greditur.

260 1689 333 1728 Sed
370 1692 602 1728 revertamur
621 1690 667 1728 ad
698 1690 749 1728 IV
776 1691 853 1728 420
875 1691 917 1728 B.
974 1691 1027 1728 Ut
1045 1691 1122 1728 iam
1143 1690 1286 1728 dictum
1306 1693 1373 1735 est,
1393 1691 1629 1739 philosophus

150 1753 203 1791 IV
232 1753 309 1792 427
338 1753 372 1791 D
401 1754 449 1792 ad
477 1754 581 1803 prius
600 1754 817 1792 institut-um
845 1754 1063 1803 regreditur,
1087 1755 1140 1792 ita
1159 1756 1202 1792 ut
1228 1755 1350 1793 malae
1378 1754 1540 1792 civitatis
1568 1754 1632 1792 de-

151 1818 299 1868 scriptio
327 1818 472 1857 duobus
500 1819 589 1858 locis
616 1819 837 1869 interposita
866 1819 915 1857 sit
943 1819 1007 1868 qui
1033 1819 1219 1858 iustitiam
1247 1821 1284 1858 et
1309 1818 1535 1857 iniustitiam
1562 1819 1629 1857 uni

151 1882 265 1919 simul
301 1883 384 1919 urbi
419 1883 636 1920 attribuant.
702 1883 809 1930 Quod
845 1895 935 1920 sane
973 1883 1130 1931 dignum
1169 1885 1226 1921 est
1262 1883 1432 1930 diligenti
1460 1883 1630 1920 animad-

149 1945 327 1984 versione.
388 1945 580 1985 Kunertus
615 1946 766 1996 quidem
807 1957 851 1985 ea
879 1958 918 1985 re
958 1948 1130 1985 movetur
1157 1948 1201 1984 ut
1229 1946 1281 1983 IV
1317 1946 1394 1998 420
1431 1946 1463 1983 Β
1485 1945 1527 1991 C,
1564 1946 1630 1984 ubi

149 2009 351 2058 disputatio
387 2010 479 2047 libro
520 2012 648 2047 octavo
689 2022 859 2058 nonoque
900 2011 1073 2048 instituta
1115 2012 1312 2058 tamquam
1353 2013 1628 2058 praesumatur,

149 2073 277 2122 postea
302 2072 455 2111 demum
477 2073 630 2110 orationi
660 2073 843 2111 insertum
868 2073 981 2126 ducat
1007 2075 1119 2121 atque
1146 2072 1277 2111 eadem
1304 2073 1349 2110 de
1372 2084 1488 2110 causa
1506 2075 1628 2110 totum

152 2137 267 2175 etiam
295 2137 434 2175 librum
461 2139 635 2175 octavum
663 2138 701 2175 et
727 2148 868 2176 nonum
895 2137 1087 2186 posteriori
1116 2136 1231 2175 aetati
1258 2137 1402 2175 tribuat
1431 2136 1480 2186 (p.
1511 2138 1592 2187 29).

258 2215 311 2262 Ut
347 2224 475 2263 autem
512 2224 591 2262 tota
627 2221 794 2273 quaestio
820 2222 858 2261 in
887 2222 1041 2261 clariore
1078 2222 1160 2261 luce
1188 2222 1400 2269 collocetur,
1435 2222 1629 2271 diligenter

150 2288 243 2325 mihi
281 2288 427 2326 videtur
463 2288 731 2327 attendendum
767 2299 848 2326 esse
884 2288 978 2326 duas
1014 2288 1164 2326 omnino
1202 2299 1261 2326 res
1289 2287 1435 2326 Platoni
1472 2288 1519 2326 ad
1547 2288 1628 2325 illu-

151 2352 340 2390 strantum
373 2352 578 2402 propositas
616 2363 716 2396 esse,
752 2361 914 2401 quarum
951 2351 1069 2389 altera
1102 2351 1268 2389 iustitiae
1304 2351 1626 2400 improbitatisque

150 2417 187 2453 vi
224 2428 269 2454 ac
304 2417 446 2455 ratione
475 2418 695 2461 continetur,
733 2417 850 2455 altera
885 2416 933 2454 ad
969 2416 1165 2465 utriusque
1202 2416 1420 2454 felicitatem
1455 2418 1521 2454 aut
1557 2415 1628 2453 mi-

151 2479 288 2518 seriam
316 2481 470 2529 spectat.
526 2479 575 2518 Et
601 2480 699 2530 prior
726 2479 879 2529 quidem
906 2478 951 2517 de
979 2481 1115 2517 natura
1142 2479 1231 2517 iusti
1251 2481 1288 2517 et
1306 2479 1438 2516 iniusti
1458 2479 1627 2526 quaestio
