1786 2742
843 55 894 91 33

242 183 311 222 Cui
346 183 483 221 mentis
517 182 687 220 facultati
722 192 810 219 cum
844 183 888 219 ut
924 192 1035 219 suum
1063 192 1107 219 ac
1134 181 1320 230 peculiare
1348 181 1513 219 officium
1541 181 1610 218 hoc

133 258 256 287 unum
291 248 403 285 antea
441 245 480 295 (l.
509 244 577 295 IV)
613 244 830 296 impositum
865 245 964 282 esset
998 245 1043 282 ut
1081 243 1235 282 rationis
1272 245 1311 281 et
1344 244 1421 282 irae
1457 243 1610 293 imperio

134 312 397 360 obtemperans
439 310 560 348 omnis
601 308 768 347 libidinis
809 308 885 346 vim
931 310 1043 357 atque
1083 308 1265 358 impetum
1307 310 1506 354 coerceret,
1553 307 1610 346 his

134 374 287 425 quidem
323 374 412 414 locis
454 373 528 412 tria
569 372 684 411 etiam
720 371 984 410 discernuntur
1017 371 1266 421 cupiditatum
1305 383 1442 421 genera
1477 364 1610 422 (ἀναγ-

134 440 254 487 καῖοι,
282 432 337 491 μὴ
363 430 582 489 ἀναγκαῖοι,
620 430 869 488 παράνομοι),
905 448 1065 486 quorum
1093 436 1190 486 quod
1219 436 1269 475 sit
1295 436 1546 475 necessarium
1574 437 1612 474 et

135 503 325 549 naturale,
366 502 470 541 velut
510 512 623 540 escae>
658 503 696 539 et
732 501 891 550 potionis
925 501 1171 545 desiderium,
1215 501 1343 538 satiari
1382 502 1419 538 et
1455 501 1610 549 explere,

135 569 257 607 cetera
292 566 534 616 comprimere
562 566 675 615 atque
711 565 942 614 restinquere
970 564 1109 603 deceat.
1165 564 1297 614 Itaque
1326 576 1414 603 cum
1441 564 1611 602 infimam

135 631 252 670 animi
287 631 365 669 vim
401 642 485 669 eam
520 629 710 668 fortunam
745 629 922 668 habuisse
958 629 1152 668 videamus
1187 631 1231 668 ut
1264 630 1439 668 incohata
1474 641 1611 678 magno

136 695 290 734 demum
330 694 542 733 intermisso
586 694 705 743 spatio
745 694 852 743 plene
894 694 1154 743 explicaretur,
1201 693 1291 742 quid
1332 705 1415 738 nos,
1463 705 1611 742 quaeso,

135 758 293 809 impedit
320 759 410 808 quin
438 757 537 796 idem
566 759 778 796 statuamus
805 757 1059 796 nobilissimae
1087 757 1225 795 mentis
1253 757 1435 802 facultati,
1463 757 1611 802 rationi,

136 823 325 862 accidisse.
392 822 521 872 Neque
549 822 683 872 opponi
709 823 831 871 potest
859 823 1035 871 quattuor
1072 822 1156 860 illas
1190 822 1446 871 cogitationes,
1475 818 1614 859 πίστιν

135 883 324 934 εἰκασίαν,
354 880 540 932 διάνοιαν,
578 880 719 937 νόησιν,
754 897 830 924 una
857 886 1000 923 ratione
1028 897 1102 924 non
1130 887 1321 930 contineri,
1356 886 1454 934 quod
1482 887 1613 924 earum

136 961 385 1000 unaquaeque
413 962 435 988 a
463 950 617 988 Platone
645 950 791 999 propria
819 949 1026 999 appelletur
1051 949 1212 988 facultas
1244 949 1294 998 (d.
1322 950 1370 999 pl.
1401 949 1455 988 St.
1475 962 1509 999 p.
1532 950 1612 999 96).

135 1014 235 1053 Nam
269 1015 339 1052 hoc
373 1025 488 1063 quam
523 1014 600 1052 leve
635 1014 685 1052 sit
719 1015 763 1051 ut
798 1013 1026 1059 ostendatur,
1065 1012 1203 1052 sufficit
1238 1013 1285 1051 ad
1322 1007 1615 1065 ἐπιθυμητικόν

135 1078 228 1117 illud
263 1078 361 1128 quod
399 1078 508 1116 modo
543 1077 833 1116 memoravimus
870 1077 1007 1117 iterum
1044 1088 1249 1127 provocare.
1319 1077 1363 1116 Id
1397 1077 1496 1116 enim
1533 1079 1613 1115 tam

135 1143 257 1181 multa
291 1154 336 1181 ac
372 1142 517 1181 diversa
552 1153 678 1181 rerum
713 1153 852 1190 genera
887 1143 1058 1191 appetere
1094 1144 1240 1181 constat
1277 1144 1322 1181 ut
1349 1153 1392 1182 ea
1419 1142 1480 1180 vix
1507 1142 1615 1180 dinu-

136 1218 280 1246 merare
308 1207 439 1256 possis.
496 1205 662 1255 Quorum
691 1208 820 1245 tamen
847 1217 1027 1255 generum
1055 1206 1158 1244 aliud
1186 1207 1260 1244 alia
1278 1206 1415 1256 percipi
1434 1206 1613 1244 facultate

137 1282 246 1309 nemo
275 1272 435 1319 ignorat;
464 1271 565 1309 velut
589 1271 724 1308 amoris
744 1270 856 1308 libido
874 1271 994 1309 multo
1014 1271 1122 1309 aliter
1140 1282 1184 1309 ac
1208 1271 1279 1309 cibi
1303 1271 1359 1309 vel
1379 1272 1489 1320 potus
1518 1270 1615 1309 desi-

137 1334 283 1373 derium
323 1334 506 1383 expletum
550 1344 639 1371 nam
681 1334 713 1371 si
753 1334 888 1382 quibus
930 1334 1036 1372 illam
1072 1334 1243 1383 persequi
1288 1336 1425 1372 natura
1452 1335 1614 1382 negavit,

137 1398 240 1437 velut
266 1397 475 1436 infantibus
498 1398 557 1436 vel
584 1396 824 1447 spadonibus,
852 1398 981 1435 tamen
1008 1397 1067 1435 his
1097 1398 1189 1446 quin
1212 1398 1396 1436 satientur
1422 1398 1528 1435 nulla
1555 1409 1616 1436 res

136 1462 303 1512 impedit.
368 1461 477 1500 Unde
513 1462 596 1500 luce
630 1462 767 1499 clarius
803 1463 957 1510 apparet
991 1461 1065 1499 alia
1093 1461 1129 1499 vi
1167 1473 1259 1511 opus
1287 1473 1368 1500 esse
1395 1464 1440 1500 ut
1468 1462 1616 1507 amoris,

135 1526 210 1564 alia
244 1528 289 1564 ut
325 1526 456 1564 edendi
492 1526 549 1564 vel
586 1525 736 1574 potandi
764 1526 953 1574 voluptate
980 1525 1162 1564 fruamur.
1227 1526 1327 1564 Nam
1356 1526 1387 1564 si
1415 1528 1615 1575 utramque

136 1600 214 1627 una
252 1589 457 1639 eademque
493 1589 529 1627 vi
566 1589 797 1638 perciperent
836 1589 1023 1634 homines,
1064 1601 1139 1627 non
1179 1591 1331 1638 possent
1372 1590 1490 1628 altera
1531 1590 1614 1634 frui,

136 1665 262 1692 carere
290 1654 419 1692 altera.
466 1652 539 1692 Sed
568 1653 661 1692 haec
686 1652 911 1692 facultatum
939 1653 997 1692 vel
1024 1653 1160 1692 virium
1187 1653 1358 1699 varietas,
1387 1654 1523 1703 quibus
1551 1654 1617 1692 ab·

136 1718 318 1756 undantia
352 1718 588 1766 voluptatum
623 1718 845 1767 percipitur,
882 1718 997 1755 nihilo
1033 1718 1160 1755 minus
1196 1729 1275 1756 una
1307 1716 1376 1755 τοῦ
1412 1716 1615 1769 ἐπιθυμη-

136 1779 248 1820 τικοῦ
283 1792 371 1826 voce
406 1780 747 1831 comprehenditur,
789 1781 843 1818 ita
886 1783 929 1819 ut
964 1781 1065 1819 idem
1101 1792 1208 1830 posse
1246 1782 1284 1819 in
1320 1781 1486 1819 Platonis
1521 1782 1616 1820 illud

136 1839 361 1896 λογιστικόν
398 1846 529 1884 cadere
566 1847 696 1894 sponte
733 1847 921 1894 sequatur.
992 1845 1065 1885 Sed
1102 1845 1260 1891 accedit,
1297 1845 1336 1884 id
1370 1846 1468 1895 quod
1504 1848 1617 1896 caput

138 1912 206 1953 est,
234 1911 279 1948 ut
305 1909 544 1959 philosophus
573 1910 652 1958 ipse
678 1909 746 1947 has
776 1911 953 1958 quattuor
971 1920 1065 1958 quas
1086 1911 1459 1948 commemoravimus
1479 1911 1616 1948 mentis

138 1973 359 2022 agitationes
401 1985 445 2012 ex
484 1984 560 2011 uno
602 1972 804 2022 eodemque
846 1974 1044 2022 tamquam
1088 1973 1188 2011 fonte
1229 1984 1405 2012 manasse
1447 1985 1616 2023 expresse

137 2038 269 2076 doceat
312 2037 380 2075 illa
426 2037 706 2086 elegant-issima
756 2037 919 2085 imagine
969 2037 1017 2075 ab
1064 2039 1171 2075 antro
1218 2038 1457 2077 subterraneo
1503 2038 1617 2077 ducta

140 2101 228 2152 (VII
257 2102 335 2141 514
363 2101 528 2140 A-—517
557 2101 618 2152 Β).
683 2100 856 2151 Namque
889 2102 933 2139 ut
960 2101 1035 2139 illic
1071 2101 1241 2140 homines
1269 2101 1316 2140 ab
1346 2102 1445 2140 antri
1471 2103 1616 2141 umbris

136 2166 176 2203 in
202 2166 327 2204 lucem
355 2166 480 2204 educti
497 2177 669 2203 verorum
681 2176 893 2214 pomorum
913 2166 1074 2214 solisque
1099 2168 1295 2215 aspectum
1321 2167 1503 2215 paulatim
1521 2167 1617 2206 ferre

139 2229 300 2276 discunt,
327 2229 382 2268 ita
408 2230 452 2268 ut
478 2228 597 2280 primo
624 2228 792 2275 umbras,
821 2228 953 2268 deinde
980 2240 1216 2279 repercussas
1238 2230 1277 2268 in
1297 2230 1402 2279 aquis
1422 2230 1616 2268 hominum

138 2297 176 2332 et
211 2295 435 2332 animalium
467 2295 651 2341 imagines
685 2294 895 2343 conspicere
932 2296 1160 2341 assuescant,
1198 2296 1283 2333 tum
1319 2306 1415 2344 quae
1450 2296 1488 2334 in
1516 2296 1615 2335 coelo

137 2359 226 2396 sunt
262 2359 301 2396 et
336 2357 483 2396 coelum
518 2357 644 2407 ipsum
682 2359 797 2396 noctu
832 2358 1145 2407 contemplentur,
1188 2358 1347 2407 denique
1383 2360 1617 2397 corroborata

137 2422 329 2460 oculorum
369 2421 448 2460 acie
482 2421 608 2471 ipsum
645 2422 865 2460 intueantur
901 2422 1034 2467 solem,
1076 2422 1117 2460 in
1157 2422 1293 2471 quibus
1331 2423 1504 2461 omnibus
1540 2434 1617 2461 una

137 2485 329 2524 oculorum
364 2497 474 2536 opera
512 2487 683 2532 utuntur,
720 2486 773 2524 sic
809 2485 864 2523 vis
900 2485 1140 2525 inveniendae
1174 2486 1340 2524 veritatis
1383 2498 1455 2525 non
1495 2489 1618 2535 potest

1398 2562 1421 2599 3
