1786 2742
880 44 905 79 9

155 163 239 207 οἷον
273 168 341 206 καὶ
379 166 614 218 Λυκοῦργος
647 168 714 205 καὶ
751 163 881 205 Σόλων
908 171 998 212 etc.,·
1037 170 1221 217 postremo
1250 171 1448 216 postquam
1477 171 1556 206 tota
1584 169 1628 206 de

155 233 366 272 memoratu
385 232 613 281 dignissimis
633 232 901 282 rebuspublicis
920 233 987 270 aut
1005 232 1228 281 cogitatione
1248 233 1398 270 tantum
1421 231 1629 269 informatis

155 300 222 336 aut
249 290 376 335 revera
403 297 500 335 inter
526 295 698 335 homines
726 297 917 345 usurpatis
945 298 1061 335 oratio
1089 298 1260 335 absoluta
1288 299 1355 341 est,
1385 296 1514 335 eodem
1535 296 1632 334 redit

153 360 259 399 initio
286 360 371 398 libri
398 360 472 398 III:
501 354 551 397 τὰ
576 357 649 408 μὲν
677 350 741 397 οἶν
768 358 861 411 περὶ
887 354 959 405 τὰς
985 356 1201 406 πολιτείας,
1230 354 1302 404 τάς
1328 373 1370 397 τε
1398 356 1534 410 κυρίας
1561 358 1629 397 καὶ

153 418 224 470 τὰς
251 416 332 462 ὕπὸ
358 421 473 462 τινῶν
499 420 711 476 εἰρημένας,
741 420 843 462 ἔστω
870 422 1143 476 τεθεωρημένα
1170 417 1237 462 τὸν
1263 417 1412 475 τρόπον
1438 421 1585 462 τοῦτον.

261 488 365 526 Haec
402 500 490 527 cum
526 489 698 527 sufficere
736 489 932 527 videantur
972 489 1020 527 ad
1063 488 1312 537 opinationem
1345 488 1631 526 Teichmuelleri

153 552 432 591 convellendam
468 564 512 591 ac
549 552 775 591 reiciendam
812 564 886 601 qua
914 552 1068 591 Politiae
1106 554 1193 590 ante
1221 552 1496 590 Ecclesiazusas
1531 564 1632 590 com-

153 616 294 665 positae
322 616 448 664 ipsum
467 616 705 654 Aristotelem
732 616 904 654 exhibere
932 618 1068 654 testem
1091 615 1217 660 voluit,
1245 616 1340 654 duas
1368 616 1483 654 etiam
1503 616 1631 654 afferre

154 691 288 718 causas
315 679 356 717 in
383 679 508 718 animo
537 681 593 719 est
619 679 754 728 quibus
783 679 1019 729 potissimum
1039 679 1168 718 comici
1195 679 1365 717 fabulam
1384 691 1406 717 a
1426 679 1652 728 Republica*

153 743 359 793 philosophi
387 744 435 782 ad
470 744 671 782 ridiculum
698 743 928 782 traducenda
956 744 1119 782 alienam
1146 743 1260 781 fuisse
1289 743 1494 782 credamus.
1552 743 1630 781 Pri-

153 818 279 852 mum,
323 809 366 845 ut
406 807 483 845 iam
525 808 612 845 ante
651 807 959 855 significavimus,
999 807 1199 845 mulierum
1235 807 1486 854 rogationibus
1528 818 1632 855 prae-

153 870 306 909 lusionis
334 871 455 909 instar
483 871 709 910 antecedunt
738 882 833 920 quae
852 882 875 909 a
897 871 1123 920 quibusdam
1151 871 1365 919 demagogis
1394 871 1432 908 in
1461 871 1632 909 contione

154 935 358 973 suadentur
411 947 486 973 non
539 947 761 985 magnopere
815 947 837 973 a
890 936 1071 973 bonorum
1126 935 1345 983 aequatione
1398 935 1632 973 abhorrentia

155 999 309 1048 (Eccles.
339 1011 371 1037 v.
402 999 614 1048 408-21),
642 1001 686 1037 ut
714 1001 752 1038 et
779 999 937 1037 fullones
974 999 1170 1047 egentibus
1198 998 1311 1048 pallia
1339 998 1566 1037 distribuant
1594 1002 1633 1037 et

152 1063 328 1111 pelliones
356 1063 470 1101 lectos
500 1064 781 1112 stramentaque
809 1064 888 1102 sine
922 1063 1038 1112 pretio
1074 1063 1214 1101 utenda
1247 1063 1477 1111 permittant.
1547 1063 1633 1101 Huc

152 1126 184 1164 si
212 1126 453 1174 adiungimus
493 1126 592 1165 Eccl.
620 1139 654 1165 v.
685 1127 783 1165 586:
823 1124 916 1177 περὶ
951 1123 1024 1175 μὲν
1050 1123 1178 1164 τοίνυν
1213 1123 1282 1163 τοῦ
1309 1127 1556 1174 καινοτομεῖν
1579 1120 1632 1177 μὴ

153 1186 296 1241 δείσῃς·
325 1188 439 1229 τοῦτο
464 1184 537 1242 γὰρ
556 1183 648 1242 ἡμῖν
675 1188 768 1241 δρᾶν
785 1182 868 1229 ἄντ’
888 1181 1007 1242 ἄλλης
1029 1183 1146 1242 ἀρχῆς
1166 1188 1282 1237 ἐστιν,
1311 1188 1389 1228 τῶν
1407 1182 1443 1228 δ’
1463 1183 1633 1241 ἀρχαίων

151 1246 355 1304 ἀμελῆσαι,
393 1265 509 1303 paene
545 1256 690 1292 certum
717 1257 774 1293 est
809 1266 904 1303 quae
933 1266 955 1292 a
982 1255 1202 1292 mulieribus
1231 1254 1501 1292 communionis
1529 1256 1631 1303 leges

157 1317 324 1356 ferantur
374 1318 422 1356 ad
471 1318 564 1356 nihil
611 1318 713 1356 aliud
754 1329 869 1367 quam
910 1318 1223 1357 inconsideratam
1263 1318 1427 1356 virorum
1468 1318 1632 1357 novandi

155 1382 346 1420 libidinem
387 1382 505 1421 facete
545 1383 868 1432 perstringendam
909 1384 1087 1432 spectare.
1100 1383 1128 1433 l)
1203 1382 1333 1432 Neque
1374 1383 1462 1421 huic
1507 1383 1632 1421 obstat

157 1447 362 1484 sententiae
391 1446 488 1495 quod
516 1447 654 1496 priores
683 1447 798 1496 plebis
828 1447 968 1486 ducum
987 1447 1194 1496 rogationes
1215 1447 1262 1485 ad
1282 1448 1462 1485 bonorum
1480 1449 1631 1485 tantum

157 1510 456 1548 distributionem
493 1511 688 1559 aequalem
715 1511 896 1560 pertinere
923 1511 1106 1556 videntur,
1142 1512 1318 1559 quoniam
1346 1522 1505 1548 uxorum
1533 1522 1632 1549 com-

156 1573 371 1611 munionem
406 1574 509 1611 velut
542 1574 739 1612 cumulum
780 1575 828 1612 ad
863 1575 967 1612 illam
1009 1574 1182 1613 accedere
1216 1586 1249 1612 v.
1288 1575 1365 1612 614
1402 1574 1632 1622 significatur

159 1637 218 1700 (cf.
249 1636 436 1675 Susemihl
466 1637 597 1676 Genet.
626 1638 745 1676 Entw.
774 1638 812 1676 II
840 1650 873 1687 p.
904 1639 1010 1688 297).

263 1700 405 1739 Deinde
440 1702 488 1739 ad
516 1702 674 1740 eandem
711 1703 922 1751 opinionem
950 1702 1183 1747 adducimur,
1222 1703 1254 1739 si
1294 1702 1513 1752 respicimus
1549 1703 1633 1740 Pla-

155 1766 283 1802 tonem
320 1764 359 1801 in
392 1764 426 1801 V
453 1765 609 1803 Politiae
644 1766 734 1803 libro
771 1766 941 1803 homines
979 1766 1120 1803 facetos
1155 1766 1406 1814 compluribus
1442 1766 1530 1803 locis
1568 1766 1633 1803 ad-

155 1839 304 1866 monere
330 1839 377 1866 ne
405 1828 441 1866 in
465 1829 586 1867 risum
605 1830 753 1868 vertant
779 1829 852 1867 nisi
871 1829 972 1867 mala
992 1840 1035 1868 ac
1055 1840 1227 1879 perversa
1248 1828 1296 1878 (V
1315 1830 1392 1867 452
1414 1828 1453 1875 C,
1474 1829 1550 1867 457
1571 1829 1632 1880 Β).

157 1891 397 1941 Quamquam
424 1893 533 1931 aliter
560 1893 598 1931 in
626 1894 696 1932 hac
723 1905 763 1932 re
789 1894 1002 1932 iudicamus
1031 1905 1074 1932 ac
1102 1893 1312 1931 Boeckhius
1349 1894 1409 1942 (de
1438 1894 1632 1932 simultate

155 1968 189 2005 p.
233 1956 319 2005 26),
362 1956 423 1994 cui
463 1949 583 1995 ‘Plato
624 1957 662 1995 in
705 1957 739 1994 V
773 1957 1013 2007 Reipublicae
1055 1957 1147 1995 libro
1188 1956 1395 2006 lepidorum
1435 1957 1632 1995 hominum

155 2019 298 2058 facetiis
334 2021 531 2069 perstricta
564 2021 655 2059 haec
689 2021 826 2070 placita
860 2021 1073 2069 significans
1109 2021 1367 2070 Aristophanis
1402 2021 1632 2059 comoediam

157 2083 338 2132 respicere
366 2076 537 2121 videtur.³
594 2084 743 2122 Etenim
772 2085 802 2122 si
830 2085 928 2122 locos
957 2085 1039 2122 libri
1059 2084 1092 2122 V
1112 2085 1325 2122 accuratius
1354 2085 1635 2129 examinaveris,

154 2147 264 2189 facile
302 2147 442 2186 videbis
479 2148 741 2198 philosophum
775 2160 848 2186 non
884 2159 971 2186 cum
1012 2148 1129 2198 ipsius
1169 2148 1441 2187 communionis
1485 2149 1634 2188 decreta

265 2272 288 2314 ¹)
310 2273 401 2312 Quod
423 2273 509 2314 leges
532 2273 731 2315 Praxagorae
752 2272 836 2314 μήτε
858 2273 1041 2315 δεδραιιιένα
1057 2271 1288 2315 μήτέῐρηλιιέιά
1306 2286 1358 2305 πω
1374 2272 1533 2316 πρότερον
1548 2284 1632 2306 coni-

154 2327 249 2367 plecti
265 2326 414 2359 dicuntur
429 2328 468 2368 (v.
487 2327 571 2369 598),
589 2327 628 2360 ad
645 2327 742 2360 solam
760 2337 903 2360 scaenam
919 2327 1115 2359 referendum
1133 2338 1200 2359 esse
1215 2324 1320 2360 ‘antea
1335 2338 1433 2369 neque
1449 2330 1520 2360 acta
1535 2338 1633 2368 neque

154 2377 297 2412 recitata'
313 2380 424 2412 docent
438 2381 580 2421 proxima
595 2381 738 2421 (μισοῦσι
753 2379 815 2423 γὰρ
831 2379 872 2420 ἢν
885 2378 927 2411 τὰ
943 2378 1067 2412 παλαιὰ
1082 2381 1233 2414 πολλάκις
1249 2381 1396 2412 θεῶνται
1411 2381 1497 2422 κτλ),
1521 2382 1632 2422 vixque

154 2435 236 2467 recte
248 2434 389 2467 Zellerns
404 2433 604 2476 (Geschichte
619 2435 674 2467 der
685 2434 902 2477 griechischen
915 2434 1119 2477 Philosophie
1134 2435 1167 2467 11
1184 2445 1213 2476 p.
1230 2435 1305 2477 466)
1322 2435 1372 2466 his
1389 2435 1490 2467 verbis
1502 2435 1540 2476 (v.
1556 2434 1631 2476 598)

154 2490 190 2519 ut
207 2489 440 2521 Ecelesiazusas
462 2489 609 2529 probaret
631 2491 703 2521 ante
727 2490 876 2530 scriptam
900 2489 1081 2530 editamque
1102 2482 1252 2521 Politiam
1277 2491 1364 2521 actas
1386 2500 1452 2521 esso
1475 2499 1552 2520 usus
1574 2491 1631 2521 est.
