1786 2742
848 59 873 95 2

229 186 284 224 Αο
310 185 477 235 primum
505 185 682 224 Politiam
700 185 956 235 particulatim
984 197 1065 225 0330
1084 186 1264 236 scriptam
1291 186 1505 236 editamque
1530 196 1606 240 non

121 249 253 288 leviter
280 251 408 288 censet
434 249 628 288 Krohnius
657 249 739 299 (der
765 250 856 300 plat.
886 250 997 289 Staat
1028 262 1064 300 p.
1102 251 1167 301 73)
1197 251 1408 289 confirmari
1436 262 1479 289 eo
1507 251 1606 300 quod

122 312 264 352 Gellius
306 313 367 363 (N.
395 314 440 352 A.
468 313 558 352 XIV
586 315 625 365 3)
665 316 793 353 narret
827 314 1109 365 Xenophontem
1142 315 1274 353 inclito
1310 315 1365 353 illi
1392 315 1493 365 operi
1520 314 1606 352 Pla-

120 378 219 415 tonis
248 378 346 426 quod
374 378 420 416 de
459 378 597 427 optimo
626 380 731 417 statu
757 378 983 428 reipublicae
1021 379 1258 428 civitatisque
1286 378 1605 417 administrandae

120 441 303 490 scriptum
331 441 399 488 sit,
427 442 533 480 lectis
561 453 604 480 ex
632 453 675 480 eo
703 442 849 480 duobus
881 442 957 481 fere
993 442 1117 489 libris,
1150 442 1214 492 qui
1249 442 1361 492 primi
1395 443 1435 481 in
1469 443 1604 491 vulgus

119 505 295 551 exierint,
330 505 544 555 opposuisse
580 507 709 544 contra
745 506 1080 556 conscripsisseque
1117 506 1305 547 diversum
1332 506 1456 555 regiae
1484 505 1606 545 admi-

121 568 355 606 nistrationis
397 580 516 617 genus
558 570 657 618 quod
700 567 876 607 Παιδεία
917 564 1049 620 Κῦρου
1088 570 1309 619 inscriptum
1351 571 1411 608 sit.
1489 569 1606 608 Cuius

118 632 343 670 narrationis
370 632 485 670 fidem
512 644 601 670 cum
627 633 705 670 iam
732 634 927 681 Augustus
970 633 1215 684 Boeokhius1)
1247 623 1363 671 iustis
1398 633 1443 671 de
1481 633 1604 672 causis

118 697 334 746 suspectam
374 696 593 745 reddiderit,
636 698 721 736 tum
755 708 841 737 vero
878 697 1028 737 etiamsi
1062 697 1218 737 haberet
1254 697 1491 747 aliquantum
1526 696 1604 736 veri

117 761 210 799 haec
237 761 386 807 fabula,
424 763 553 800 tamen
588 773 635 800 ne
673 762 726 800 sic
754 762 907 811 quidem
934 762 982 800 ad
1009 773 1166 800 causam
1194 763 1362 800 nostram
1389 762 1465 800 ullo
1492 761 1603 800 modo

118 824 328 876 pertineret.
385 824 484 874 Quid
512 824 629 873 enim,
665 826 698 865 si
725 825 833 865 Plato
860 837 988 865 revera
1015 825 1108 865 duos
1136 826 1275 877 priores
1303 825 1415 865 libros
1448 824 1603 867 Politiae
1667 827 1670 829 ’

117 889 305 928 seiunctos
334 901 357 928 a
384 890 517 929 ceteris
545 891 586 928 in
614 890 738 930 lucem
765 891 957 940 publicam
984 891 1126 937 emisit,
1162 903 1256 930 num
1290 902 1332 930 eo
1367 890 1515 929 credere
1543 902 1604 928 ve-

115 955 244 992 tamur
280 955 347 992 aut
381 953 600 1004 posteriores
637 965 713 993 non
749 955 869 993 multo
896 956 981 1005 post
1008 954 1127 994 editos
1155 966 1236 994 esse
1265 956 1332 994 aut
1359 955 1481 993 totum
1509 965 1602 1004 opus

115 1018 229 1056 nihilo
257 1018 383 1057 minus
410 1030 486 1057 uno
514 1020 640 1057 tenore
668 1020 781 1068 atque
809 1019 961 1057 consilio
988 1019 1124 1058 litteris
1152 1030 1233 1058 esse
1261 1019 1539 1068 perscriptum?

223 1081 295 1120 Vix
314 1081 415 1120 enim
433 1082 483 1120 ad
510 1082 725 1133 universam
753 1082 874 1132 operis
893 1082 1198 1132 compositionem
1222 1082 1429 1132 quidquam
1457 1081 1601 1121 differre

114 1146 349 1185 contenderis
376 1148 506 1185 utrum
534 1146 690 1196 scriptor
723 1147 859 1196 aliquis
896 1158 981 1185 eam
1007 1148 1154 1196 partem
1182 1158 1297 1196 quam
1324 1146 1488 1196 primam
1515 1158 1602 1185 con-

113 1210 242 1249 fecerit
268 1210 307 1248 in
336 1210 471 1249 scrinio
498 1210 646 1249 tamdiu
673 1211 836 1249 retineat
872 1210 965 1248 dum
992 1212 1094 1249 totus
1122 1211 1215 1249 liber
1242 1210 1435 1249 confectus
1463 1210 1524 1255 sit,
1552 1221 1602 1248 an

115 1274 245 1314 statim
272 1274 311 1313 in
339 1275 477 1324 vulgus
505 1274 603 1314 edat.

222 1339 323 1376 Hinc
358 1341 487 1377 autem
522 1350 611 1377 011111
645 1339 723 1376 10111
760 1350 937 1388 apparere
971 1340 1148 1387 putemus
1178 1338 1287 1377 Gellii
1314 1339 1527 1377 narratione
1554 1338 1600 1376 de

114 1401 321 1452 Republica
348 1401 579 1452 temporibus
606 1402 772 1440 multum
808 1401 963 1441 diversis
1000 1402 1203 1452 composita
1238 1401 1331 1440 nihil
1359 1401 1455 1441 effici
1481 1412 1600 1451 posse,

114 1466 163 1504 ad
199 1466 315 1505 aliam
349 1466 634 1516 progrediamur
670 1466 960 1505 examinandam
1001 1466 1207 1509 rationem,
1250 1477 1364 1515 quam
1407 1477 1495 1504 cum
1535 1477 1602 1515 per

114 1530 257 1569 saeculi
292 1529 370 1569 fere
406 1530 572 1580 spatium
615 1530 785 1569 homines
827 1530 963 1569 eruditi
1002 1529 1208 1569 identidem
1248 1529 1513 1578 agitavissent,
1554 1540 1601 1567 ne

113 1594 305 1633 Krohnius
342 1595 495 1643 quidem
528 1606 605 1633 non
643 1594 918 1643 suscipiendam
952 1594 1109 1643 putavit.
1173 1594 1343 1632 Fuerunt
1376 1593 1477 1632 enim
1514 1593 1600 1632 inde

113 1668 136 1695 a
155 1657 284 1696 Bizeto
312 1659 351 1696 et
368 1658 664 1706 Morgensternio
692 1668 812 1707 usque
841 1657 889 1695 ad
917 1657 986 1695 hoc
1013 1658 1162 1706 tempus
1186 1657 1297 1695 multi
1324 1658 1366 1695 et
1392 1655 1600 1695 doctissimi

114 1721 182 1760 viri
195 1751 204 1768 ‚
238 1734 258 1762 e
286 1722 424 1771 quibus
452 1721 682 1761 Meinekium
695 1751 704 1768 ,
742 1721 969 1770 Bergidum,
1005 1721 1194 1759 Rankium
1222 1721 1360 1770 quique
1387 1719 1599 1770 nuperrime

113 1785 337 1824 exstiterunt
363 1785 577 1824 Krohnium
604 1787 641 1824 et
667 1785 1006 1824 Teichmuellerum
1024 1785 1239 1823 nominasse
1257 1784 1350 1823 satis
1378 1784 1507 1829 habeo,
1531 1783 1598 1832 qui

112 1850 403 1900 Aristophanem
443 1845 650 1900 philosophi
691 1849 738 1889 de
778 1849 981 1889 mulierum
1021 1849 1296 1898 liberorumque
1338 1849 1377 1887 et
1416 1848 1598 1887 bonorum

112 1914 374 1952 communione
401 1914 614 1952 doctrinam
640 1913 985 1952 Ecclesiazusarum
1012 1912 1140 1951 fabula
1166 1912 1327 1951 irrisisse
1355 1911 1596 1961 crederent2).

113 1977 222 2025 Quod
241 1978 274 2016 si
292 1977 524 2027 comprobari
541 1978 677 2026 posset,
707 1979 807 2016 esset
825 1988 916 2015 sane
934 1976 1094 2015 Krohnii
1112 1976 1158 2015 de
1181 1976 1317 2015 Politia
1344 1975 1599 2025 particulatim

112 2041 318 2091 composita
350 2041 472 2090 opinio
510 2042 615 2079 extra
650 2052 801 2079 omnem
828 2041 951 2090 posita
978 2040 1270 2085 dubitationem,
1308 2039 1486 2088 quoniam
1513 2038 1600 2077 libri

112 2105 239 2151 I—-V‚
280 2105 321 2143 in
363 2105 501 2154 quibus
543 2105 589 2152 de
624 2104 885 2143 communione
918 2104 984 2142 illa
1019 2104 1229 2154 exponitur,
1266 2103 1344 2141 iam
1378 2104 1465 2141 ante
1493 2103 1598 2140 actas

112 2169 409 2214 Ecclesiazusas,
445 2168 484 2215 id
521 2170 580 2207 est
616 2170 704 2207 ante
738 2179 882 2206 annum
919 2168 996 2205 389
1035 2169 1122 2206 ante
1151 2166 1218 2205 Ch.
1249 2166 1297 2216 (V.
1328 2165 1524 2205 Goetzium
1551 2165 1598 2204 de

54 2247 57 2250 ·
111 2232 342 2284 temporibus
378 2232 577 2272 Ecclesiaz.
615 2232 801 2283 Aristoph.
836 2232 875 2271 in
910 2231 1108 2271 Ritschelii
1144 2231 1239 2271 actis
1267 2230 1455 2273 societatis
1482 2229 1600 2280 philo-

221 2393 244 2433 1)
268 2393 306 2424 V.
323 2393 406 2432 Aug.
430 2392 581 2424 Boeckhii
604 2391 912 2423 Commentationcm
942 2390 980 2422 de
1003 2391 1168 2422 simultate
1192 2400 1272 2430 quae
1288 2390 1415 2421 Platoni
1439 2399 1511 2420 cum
1533 2388 1597 2419 Xe-

112 2445 271 2485 nophonte
294 2445 509 2476 intercessisse
532 2444 643 2476 fertur.
689 2443 826 2476 Berolin.
852 2444 943 2476 1811.

219 2509 244 2549 2)
268 2508 316 2541 Cf.
342 2508 452 2540 Krohn
476 2508 506 2540 d.
531 2508 573 2548 pl.
598 2508 644 2541 St.
668 2518 699 2547 p.
723 2508 882 2540 72-—105.
