1786 2742
893 52 916 88 5

162 183 220 220 est
247 180 446 219 concedere
473 191 546 217 non
575 178 842 217 dubitaverunt
856 179 884 228 1)
907 177 968 226 (cf.
990 177 1119 215 Krohn
1148 177 1214 215 der
1240 177 1329 226 plat.
1360 176 1469 215 Staat
1497 189 1531 227 p.
1560 177 1637 227 78).

164 245 286 293 Quid?
327 243 367 282 Si
396 243 558 282 comicus
586 242 792 291 philosophi
830 241 1008 280 voluisset
1035 241 1242 280 doctrinam
1267 241 1525 290 perstringere,
1544 252 1638 278 num

162 309 345 357 fugissent
381 319 468 346 eum
501 307 586 345 illae
622 306 785 344 irrisioni
819 306 981 343 maxime
1019 305 1196 343 obnoxiae
1232 306 1433 343 mulierum
1471 304 1638 343 luctandi

162 371 429 421 equitandique
458 370 747 415 exercitationes,
776 380 871 418 quae
899 381 945 407 ne
972 369 1179 407 facetorum
1206 369 1400 406 hominum
1432 369 1522 407 iocis
1558 380 1638 406 car-

163 437 341 486 perentur
375 435 452 484 ipse
489 435 547 472 est
585 433 689 478 Blato
724 433 864 472 veritus
901 433 940 482 (l.
970 433 1001 470 V
1029 433 1107 471 452
1138 432 1177 478 O,
1207 432 1283 471 457
1313 432 1392 482 B)‘?
1447 432 1550 480 Quae
1578 443 1638 470 res

162 499 257 537 mihi
276 498 426 547 quidem
445 497 543 536 tanti
562 508 643 535 esse
662 497 842 535 momenti
860 497 1007 535 videtur
1023 498 1067 535 ut
1085 497 1144 535 vel
1163 497 1233 534 hac
1252 496 1330 534 sola
1349 495 1637 545 Aristophanem

162 563 319 600 Politiae
359 573 433 599 non
473 561 650 599 habuisse
691 560 863 599 notitiam
905 560 1096 599 efficiatur.
1157 560 1298 599 Eodem
1338 560 1498 609 pertinet
1539 560 1637 609 quod

162 626 268 664 Plato
295 626 374 675 ipse
406 636 453 664 ne
481 624 667 663 levissime
695 624 846 674 quidem
878 624 917 662 in
952 624 1218 663 Ecclesiazusis
1256 623 1482 673 designatur.
1538 623 1637 662 Nam

162 689 260 739 quod
297 689 475 738 Aristyllo
512 688 610 727 Eccl.
649 701 682 727 v.
719 689 796 727 647
833 688 990 738 turpiter
1026 689 1153 726 notato
1189 688 1450 737 philosophum
1486 688 1638 727 subesse

162 753 346 801 Bergkius
375 755 413 790 et
439 752 644 790 Meinekius
673 753 852 801 suspicati
880 754 980 798 sunt,
1007 752 1045 790 id
1072 763 1253 801 perquam
1280 763 1421 789 vanum
1449 763 1529 790 esse
1563 763 1637 789 non

162 817 283 855 solum
311 828 334 854 a
362 816 479 854 doctis
506 816 718 854 hominibus
746 817 823 854 iam
851 815 994 854 dudum
1022 816 1322 854 demonstratum
1350 816 1408 853 est
1436 815 1495 861 (cf.
1526 814 1639 853 Suse-

161 880 344 925 mihlium,
373 879 432 918 die
460 879 672 928 genetische
693 879 952 927 Entwicklung
976 879 1041 917 der
1064 879 1322 928 platonischen
1347 878 1581 928 Philosophie
1600 878 1638 916 II

161 956 195 993 p.
217 943 322 993 301),
352 943 417 981 sed
445 943 594 981 etiamsi
622 954 708 981 vere
740 942 793 981 sic
820 944 929 988 esset,
957 942 1017 980 vix
1044 942 1131 981 inde
1159 942 1308 980 illorum
1335 942 1454 991 opinio
1472 942 1637 980 multum

163 1007 474 1057 comprobaretur.
504 1006 654 1046 Etenim
673 1007 843 1057 Aristylli
861 1007 961 1046 illius
981 1007 1296 1053 commemoratio,
1316 1018 1428 1056 quem
1446 1006 1638 1045 hominem

162 1071 278 1110 fuisse
312 1071 544 1120 impudicum
580 1071 785 1116 indicatur,
827 1083 899 1109 11011
941 1071 1050 1109 aliter
1084 1071 1128 1109 fit
1169 1073 1283 1119 atque
1311 1071 1487 1116 aliorum,
1523 1071 1638 1108 veluti

161 1134 310 1184 Epicuri
345 1135 404 1173 vel
444 1134 752 1183 Leucolophantis
796 1134 908 1183 (Eccl.
944 1146 977 1172 v.
1008 1134 1101 1185 644)
1143 1134 1182 1172 in
1224 1135 1297 1175 hac
1329 1134 1457 1172 fabula
1497 1134 1637 1172 mentio

160 1198 321 1236 inicitur.
376 1199 427 1236 At
451 1198 551 1236 enim
571 1209 655 1236 vero
682 1198 715 1235 si
740 1198 1018 1236 Ecclesiazusae
1045 1198 1091 1235 ad
1117 1197 1282 1236 ludenda
1302 1197 1469 1235 Platonis
1489 1197 1638 1236 decreta

163 1262 388 1312 compositae
416 1263 558 1308 essent,
595 1262 856 1312 philosophum
887 1262 926 1300 111
960 1262 1014 1301 eis
1048 1273 1199 1302 necesse
1236 1263 1335 1301 esset
1369 1262 1424 1300 ita
1459 1261 1559 1312 carpi
1594 1263 1638 1300 ut

163 1338 251 1364 eum
279 1327 466 1364 auctorem
498 1338 578 1365 esse
604 1326 755 1364 illorum
782 1326 1003 1375 placitorum
1032 1327 1123 1364 satis
1151 1326 1236 1364 inde
1271 1326 1444 1365 eluceret.

269 1390 417 1428 Novum
435 1390 648 1439 nuperrime
667 1390 983 1429 Teichmuellerus
998 1390 1028 1441 ²)
1059 1390 1269 1428 artissimae
1293 1389 1638 1428 Ecclesiazusarum

161 1466 249 1493 cum
268 1454 402 1493 Politia
420 1454 702 1493 necessitudinis
729 1456 995 1508 argumentum
1022 1454 1152 1493 afferre
1178 1455 1333 1493 conatus
1353 1455 1411 1493 est
1429 1465 1472 1493 ex
1492 1454 1637 1492 duobus

161 1519 369 1558 Aristotelis
394 1519 633 1557 Politicorum
660 1519 760 1565 locis,
790 1530 949 1568 quorum
968 1520 1130 1558 alterum
1149 1519 1226 1557 iam
1245 1519 1413 1557 Rankius
1435 1518 1636 1568 (Aristoph.

161 1583 217 1621 ed.
238 1583 405 1621 Meineke
424 1583 577 1632 praefat.
598 1595 632 1632 p.
652 1583 786 1633 XLIX)
816 1583 945 1621 eodem
973 1583 1123 1621 consilio
1152 1584 1193 1621 in
1220 1583 1391 1621 medium
1421 1583 1636 1632 protulerat.

161 1647 319 1685 Videtur
346 1648 473 1685 autem
500 1647 648 1696 utrique
676 1647 752 1685 viro
780 1646 993 1685 doctissimo
1021 1647 1090 1685 hoc
1116 1649 1216 1685 recte
1250 1647 1335 1685 inde
1372 1646 1491 1694 colligi
1518 1657 1637 1696 posse,

161 1710 206 1750 de
233 1710 435 1749 mulierum
453 1711 709 1761 bonorumque
728 1711 988 1750 communione
1014 1713 1101 1751 ante
1121 1711 1317 1750 Platonem
1342 1710 1461 1760 egisse
1487 1711 1636 1749 omnino

162 1776 370 1820 neminem,
398 1787 483 1824 ergo
522 1787 567 1814 ne
603 1776 890 1825 Aristophanem
927 1776 1092 1824 quidem.
1148 1776 1234 1814 Loci
1270 1777 1397 1814 autem
1434 1787 1456 1813 a
1493 1776 1637 1813 Rankio

161 1839 265 1877 citati
293 1839 459 1888 (Aristot.
481 1839 586 1877 Polit.
615 1839 654 1876 ΙΙ
684 1839 787 1877 1274
814 1840 867 1890 b),
911 1850 1023 1888 quem
1051 1840 1095 1877 ut
1131 1851 1214 1878 vere
1242 1839 1464 1885 iudicemus,
1491 1839 1636 1888 plenius

270 1968 293 2007 ¹)
316 1966 435 1998 Parum
465 1967 610 1997 accurate
639 1965 719 1997 mihi
742 1965 1008 1998 Teichmuellerus
1038 1966 1199 2007 (Litterar.
1223 1965 1349 1997 Fehden
1372 1965 1415 1997 im
1443 1965 1499 1997 IV.
1523 1965 1635 1997 Jahrb.

159 2029 187 2051 v.
212 2019 286 2051 Chr.
311 2029 340 2059 p.
367 2020 405 2052 17
429 2021 460 2051 et
487 2019 538 2060 19)
567 2019 651 2051 Eccl.
674 2029 703 2051 V.
726 2020 803 2052 594:
838 2015 906 2050 ‘im'
940 2022 997 2050 ἕνα
1030 2019 1115 2051 ποιῶ
1146 2015 1255 2050 κοινὸν
1288 2014 1413 2051 ἅπασιν
1446 2022 1562 2059 βίοτον
1584 2022 1638 2049 καὶ

158 2072 276 2104 τοῦτον
297 2069 412 2113 ὅμοιον
433 2083 504 2104 cum
527 2072 662 2104 Polstiae
687 2072 714 2103 V
736 2082 765 2111 p.
783 2073 846 2105 462
871 2074 988 2114 istola-ev
1011 2065 1068 2104 οὖν
1089 2085 1121 2103 τι
1137 2075 1250 2113 μεῖζον
1274 2069 1371 2103 κακὸν
1385 2069 1513 2111 πόλειῆ
1536 2075 1638 2103 ἐκεῖνο

158 2121 175 2157 ὃ
199 2122 240 2157 ἂν
255 2122 358 2165 αὐτὴν
379 2125 505 2165 διασπᾷ
526 2129 580 2156 καὶ
602 2125 681 2169 ποιῇ
703 2122 823 2159 πολλὰς
845 2122 919 2157 ἀντὶ
941 2126 1035 2167 μιᾶς;
1058 2122 1078 2166 ἢ
1097 2128 1211 2167 μεῖζον
1227 2122 1360 2168 ἆγαθὸν
1373 2126 1431 2157 τοῦ
1447 2121 1465 2157 3
1481 2122 1522 2157 ἂν
1538 2125 1637 2169 ξυνὸᾗ

157 2191 194 2209 τε
208 2179 264 2210 καί
284 2179 364 2223 ποιῇ
377 2183 459 2220 μίαν
480 2179 652 2211 contulisse
667 2178 801 2211 videtur.
841 2179 907 2211 Hos
929 2179 1013 2211 locos
1036 2180 1141 2211 minus
1157 2179 1271 2212 habere
1287 2179 1527 2211 necessitudinis
1550 2181 1636 2220 puto.

158 2233 387 2273 Aristophanes
417 2233 499 2265 enim
528 2233 584 2265 1110
607 2242 699 2265 versu
728 2232 766 2265 de
788 2243 851 2265 una
872 2233 976 2265 victus
997 2233 1231 2271 communione,
1256 2233 1350 2266 Plato
1374 2233 1412 2265 de
1438 2233 1537 2265 totius
1560 2234 1637 2266 civi-

158 2285 236 2317 tatis
259 2286 290 2317 in
313 2296 410 2318 unum
434 2286 663 2327 conspiratione
685 2287 718 2317 et
739 2287 892 2318 concentu
914 2286 1059 2326 explicat.
1097 2286 1157 2318 Cui
1173 2287 1201 2318 si
1223 2286 1294 2327 quis
1316 2287 1363 2318 ita
1385 2287 1521 2319 occurrit
1543 2289 1579 2318 ut
1600 2296 1636 2318 ex

156 2339 227 2379 ipsa
260 2349 298 2371 ea
327 2340 467 2371 omnium
493 2340 577 2371 vitae
610 2339 804 2380 aequalitate
837 2340 932 2371 etiam
963 2340 1127 2371 universae
1158 2340 1347 2380 reipublicae
1373 2339 1458 2372 dicat
1481 2340 1635 2372 unitatem

156 2393 403 2433 concentumque
425 2393 589 2430 exsistere,
620 2392 654 2423 id
682 2392 741 2423 etsi
764 2402 825 2424 non
848 2392 941 2434 longe
963 2392 1053 2424 abest
1074 2393 1150 2433 quin
1174 2393 1360 2434 largiamur,
1383 2394 1486 2425 tamen
1510 2394 1634 2433 poetam

156 2444 318 2478 fatendum
342 2448 392 2478 est
413 2456 525 2487 parum
548 2445 696 2478 distincto
718 2446 953 2487 significavisse.

265 2499 290 2540 2)
312 2499 335 2531 1.
358 2500 379 2531 1.
402 2510 432 2540 p.
458 2503 506 2532 15.
