<?xml version="1.0" encoding="UTF-8"?>
<!DOCTYPE html PUBLIC "-//W3C//DTD XHTML 1.0 Transitional//EN"
    "http://www.w3.org/TR/xhtml1/DTD/xhtml1-transitional.dtd">
<html xmlns="http://www.w3.org/1999/xhtml" xml:lang="en" lang="en">
 <head>
  <title>
</title>
<meta http-equiv="Content-Type" content="text/html;charset=utf-8" />
  <meta name='ocr-system' content='tesseract 3.04.00' />
  <meta name='ocr-capabilities' content='ocr_page ocr_carea ocr_par ocr_line ocrx_word'/>
</head>
<body>
  <div class='ocr_page' id='page_1' title='image "4738095_0070.png"; bbox 0 0 1786 2742; ppageno 0'>
   <div class='ocr_carea' id='block_1_1' title="bbox 848 56 899 92">
    <p class='ocr_par' dir='ltr' id='par_1_1' title="bbox 848 56 899 92">
     <span class='ocr_line' id='line_1_1' title="bbox 848 56 899 92; baseline 0 0"><span class='ocrx_word' id='word_1_1' title='bbox 848 56 899 92; x_wconf 82' lang='lat'>54</span> 
     </span>
    </p>
   </div>
   <div class='ocr_carea' id='block_1_2' title="bbox 740 111 996 115">
    <p class='ocr_par' dir='ltr' id='par_1_2' title="bbox 740 111 996 115">
     <span class='ocr_line' id='line_1_2' title="bbox 740 111 996 115; baseline 0 0"><span class='ocrx_word' id='word_1_2' title='bbox 740 111 996 115; x_wconf 95' lang='lat' dir='ltr'> </span> 
     </span>
    </p>
   </div>
   <div class='ocr_carea' id='block_1_3' title="bbox 120 182 1649 2214">
    <p class='ocr_par' dir='ltr' id='par_1_3' title="bbox 124 182 1611 294">
     <span class='ocr_line' id='line_1_3' title="bbox 124 182 1611 232; baseline 0.002 -13"><span class='ocrx_word' id='word_1_3' title='bbox 124 182 318 220; x_wconf 73' lang='lat' dir='ltr'>ostendere</span> <span class='ocrx_word' id='word_1_4' title='bbox 357 182 497 220; x_wconf 91' lang='lat' dir='ltr'>librum</span> <span class='ocrx_word' id='word_1_5' title='bbox 532 184 708 221; x_wconf 87' lang='lat' dir='ltr'>octavum</span> <span class='ocrx_word' id='word_1_6' title='bbox 749 194 965 232; x_wconf 90' lang='lat' dir='ltr'>nonumque</span> <span class='ocrx_word' id='word_1_7' title='bbox 1007 184 1055 221; x_wconf 90' lang='lat' dir='ltr'>ab</span> <span class='ocrx_word' id='word_1_8' title='bbox 1088 183 1260 222; x_wconf 89' lang='lat' dir='ltr'>idearum</span> <span class='ocrx_word' id='word_1_9' title='bbox 1293 184 1464 222; x_wconf 83' lang='lat' dir='ltr'>doctrina</span> <span class='ocrx_word' id='word_1_10' title='bbox 1490 184 1611 222; x_wconf 89' lang='lat' dir='ltr'>haud-</span> 
     </span>
     <span class='ocr_line' id='line_1_4' title="bbox 126 242 605 294; baseline 0.002 -12"><span class='ocrx_word' id='word_1_11' title='bbox 126 242 319 294; x_wconf 85' lang='lat' dir='ltr'>quaquam</span> <span class='ocrx_word' id='word_1_12' title='bbox 346 246 485 283; x_wconf 86' lang='lat' dir='ltr'>alienos</span> <span class='ocrx_word' id='word_1_13' title='bbox 512 257 605 285; x_wconf 90' lang='lat' dir='ltr'>esse.</span> 
     </span>
    </p>

    <p class='ocr_par' dir='ltr' id='par_1_4' title="bbox 120 308 1649 2214">
     <span class='ocr_line' id='line_1_5' title="bbox 235 308 1611 360; baseline 0.001 -13"><span class='ocrx_word' id='word_1_14' title='bbox 235 308 309 347; x_wconf 91' lang='lat' dir='ltr'>Sed</span> <span class='ocrx_word' id='word_1_15' title='bbox 345 311 491 347; x_wconf 75' lang='lat' dir='ltr'>restant</span> <span class='ocrx_word' id='word_1_16' title='bbox 526 310 600 347; x_wconf 91' lang='lat' dir='ltr'>alia</span> <span class='ocrx_word' id='word_1_17' title='bbox 637 310 773 358; x_wconf 89' lang='lat' dir='ltr'>quibus</span> <span class='ocrx_word' id='word_1_18' title='bbox 808 321 881 359; x_wconf 90' lang='lat' dir='ltr'>quo</span> <span class='ocrx_word' id='word_1_19' title='bbox 915 311 1062 348; x_wconf 89' lang='lat' dir='ltr'>vinculo</span> <span class='ocrx_word' id='word_1_20' title='bbox 1096 311 1182 349; x_wconf 89' lang='lat' dir='ltr'>libri</span> <span class='ocrx_word' id='word_1_21' title='bbox 1217 310 1380 350; x_wconf 89' lang='lat' dir='ltr'><strong>V—VII</strong></span> <span class='ocrx_word' id='word_1_22' title='bbox 1415 323 1505 349; x_wconf 91' lang='lat' dir='ltr'>cum</span> <span class='ocrx_word' id='word_1_23' title='bbox 1537 311 1611 360; x_wconf 89' lang='lat' dir='ltr'>pri-</span> 
     </span>
     <span class='ocr_line' id='line_1_6' title="bbox 125 372 1609 423; baseline 0.003 -14"><span class='ocrx_word' id='word_1_24' title='bbox 125 372 249 410; x_wconf 86' lang='lat' dir='ltr'>oribus</span> <span class='ocrx_word' id='word_1_25' title='bbox 287 372 494 420; x_wconf 88' lang='lat' dir='ltr'>iungantur</span> <span class='ocrx_word' id='word_1_26' title='bbox 528 373 773 412; x_wconf 80' lang='lat' dir='ltr'>manifestum</span> <span class='ocrx_word' id='word_1_27' title='bbox 806 374 883 412; x_wconf 88' lang='lat' dir='ltr'>fiat.</span> <span class='ocrx_word' id='word_1_28' title='bbox 948 375 1003 412; x_wconf 88' lang='lat' dir='ltr'>Ac</span> <span class='ocrx_word' id='word_1_29' title='bbox 1036 374 1201 423; x_wconf 88' lang='lat' dir='ltr'>primum</span> <span class='ocrx_word' id='word_1_30' title='bbox 1236 374 1388 423; x_wconf 88' lang='lat' dir='ltr'>quidem</span> <span class='ocrx_word' id='word_1_31' title='bbox 1415 374 1609 414; x_wconf 87' lang='lat' dir='ltr'>Krohnius</span> 
     </span>
     <span class='ocr_line' id='line_1_7' title="bbox 124 435 1605 488; baseline 0.003 -15"><span class='ocrx_word' id='word_1_32' title='bbox 124 447 212 474; x_wconf 92' lang='lat' dir='ltr'>cum</span> <span class='ocrx_word' id='word_1_33' title='bbox 255 435 452 475; x_wconf 80' lang='lat' dir='ltr'>Platonem</span> <span class='ocrx_word' id='word_1_34' title='bbox 497 437 701 486; x_wconf 81' lang='lat' dir='ltr'>principale</span> <span class='ocrx_word' id='word_1_35' title='bbox 747 436 845 486; x_wconf 92' lang='lat' dir='ltr'>quod</span> <span class='ocrx_word' id='word_1_36' title='bbox 897 437 942 476; x_wconf 92' lang='lat' dir='ltr'>de</span> <span class='ocrx_word' id='word_1_37' title='bbox 984 437 1172 487; x_wconf 79' lang='lat' dir='ltr'>republica</span> <span class='ocrx_word' id='word_1_38' title='bbox 1217 448 1310 488; x_wconf 92' lang='lat' dir='ltr'>opus</span> <span class='ocrx_word' id='word_1_39' title='bbox 1357 438 1605 488; x_wconf 77' lang='lat' dir='ltr'>composuerit</span> 
     </span>
     <span class='ocr_line' id='line_1_8' title="bbox 127 499 1609 551; baseline 0.002 -14"><span class='ocrx_word' id='word_1_40' title='bbox 127 500 306 547; x_wconf 85' lang='lat' dir='ltr'>quattuor</span> <span class='ocrx_word' id='word_1_41' title='bbox 342 499 544 539; x_wconf 85' lang='lat' dir='ltr'>confecisse</span> <span class='ocrx_word' id='word_1_42' title='bbox 578 500 682 538; x_wconf 91' lang='lat' dir='ltr'>libris</span> <span class='ocrx_word' id='word_1_43' title='bbox 709 502 828 549; x_wconf 90' lang='lat' dir='ltr'>putet,</span> <span class='ocrx_word' id='word_1_44' title='bbox 864 510 949 539; x_wconf 91' lang='lat' dir='ltr'>eam</span> <span class='ocrx_word' id='word_1_45' title='bbox 976 500 1267 550; x_wconf 87' lang='lat' dir='ltr'>disputationem</span> <span class='ocrx_word' id='word_1_46' title='bbox 1296 511 1371 550; x_wconf 92' lang='lat' dir='ltr'>qua</span> <span class='ocrx_word' id='word_1_47' title='bbox 1397 501 1609 551; x_wconf 86' lang='lat' dir='ltr'>principum</span> 
     </span>
     <span class='ocr_line' id='line_1_9' title="bbox 125 562 1610 615; baseline 0.002 -15"><span class='ocrx_word' id='word_1_48' title='bbox 125 562 312 601; x_wconf 88' lang='lat' dir='ltr'>institutio</span> <span class='ocrx_word' id='word_1_49' title='bbox 341 562 386 602; x_wconf 91' lang='lat' dir='ltr'>de</span> <span class='ocrx_word' id='word_1_50' title='bbox 413 563 556 611; x_wconf 88' lang='lat' dir='ltr'>integro</span> <span class='ocrx_word' id='word_1_51' title='bbox 585 564 770 602; x_wconf 86' lang='lat' dir='ltr'>tractatur</span> <span class='ocrx_word' id='word_1_52' title='bbox 800 562 902 614; x_wconf 91' lang='lat' dir='ltr'>(inde</span> <span class='ocrx_word' id='word_1_53' title='bbox 921 575 944 603; x_wconf 91' lang='lat' dir='ltr'>a</span> <span class='ocrx_word' id='word_1_54' title='bbox 962 563 1017 602; x_wconf 90' lang='lat' dir='ltr'>VI</span> <span class='ocrx_word' id='word_1_55' title='bbox 1037 564 1113 603; x_wconf 88' lang='lat'>502</span> <span class='ocrx_word' id='word_1_56' title='bbox 1133 563 1184 615; x_wconf 91' lang='lat' dir='ltr'>D)</span> <span class='ocrx_word' id='word_1_57' title='bbox 1211 575 1287 602; x_wconf 91' lang='grc'><strong>11011</strong></span> <span class='ocrx_word' id='word_1_58' title='bbox 1314 564 1407 603; x_wconf 86' lang='lat' dir='ltr'>satis</span> <span class='ocrx_word' id='word_1_59' title='bbox 1427 564 1610 614; x_wconf 81' lang='lat' dir='ltr'>quadrare</span> 
     </span>
     <span class='ocr_line' id='line_1_10' title="bbox 123 626 1610 678; baseline 0.001 -13"><span class='ocrx_word' id='word_1_60' title='bbox 123 628 251 665; x_wconf 87' lang='lat' dir='ltr'>censet</span> <span class='ocrx_word' id='word_1_61' title='bbox 276 626 323 665; x_wconf 93' lang='lat' dir='ltr'>ad</span> <span class='ocrx_word' id='word_1_62' title='bbox 349 638 395 665; x_wconf 89' lang='lat' dir='ltr'>ea</span> <span class='ocrx_word' id='word_1_63' title='bbox 421 638 516 676; x_wconf 90' lang='lat' dir='ltr'>quae</span> <span class='ocrx_word' id='word_1_64' title='bbox 543 626 600 665; x_wconf 96' lang='lat' dir='ltr'>III</span> <span class='ocrx_word' id='word_1_65' title='bbox 626 628 704 666; x_wconf 88' lang='grc'>412</span> <span class='ocrx_word' id='word_1_66' title='bbox 734 627 921 666; x_wconf 83' lang='grc' dir='ltr'><strong>Β-414</strong></span> <span class='ocrx_word' id='word_1_67' title='bbox 952 629 985 666; x_wconf 89' lang='lat' dir='ltr'>A</span> <span class='ocrx_word' id='word_1_68' title='bbox 1012 628 1057 666; x_wconf 92' lang='grc'>(10</span> <span class='ocrx_word' id='word_1_69' title='bbox 1093 628 1304 678; x_wconf 84' lang='lat' dir='ltr'>principum</span> <span class='ocrx_word' id='word_1_70' title='bbox 1332 628 1538 667; x_wconf 80' lang='lat' dir='ltr'>eruditione</span> <span class='ocrx_word' id='word_1_71' title='bbox 1566 639 1610 668; x_wconf 86' lang='lat' dir='ltr'>ac</span> 
     </span>
     <span class='ocr_line' id='line_1_11' title="bbox 123 689 1610 741; baseline 0.002 -14"><span class='ocrx_word' id='word_1_72' title='bbox 123 689 321 739; x_wconf 79' lang='lat' dir='ltr'>disciplina</span> <span class='ocrx_word' id='word_1_73' title='bbox 356 691 520 739; x_wconf 82' lang='lat' dir='ltr'>exposita</span> <span class='ocrx_word' id='word_1_74' title='bbox 565 691 640 729; x_wconf 90' lang='lat' dir='ltr'>sint</span> <span class='ocrx_word' id='word_1_75' title='bbox 680 690 730 740; x_wconf 89' lang='lat' dir='ltr'>(d.</span> <span class='ocrx_word' id='word_1_76' title='bbox 753 692 802 740; x_wconf 92' lang='lat' dir='ltr'>pl.</span> <span class='ocrx_word' id='word_1_77' title='bbox 828 691 883 730; x_wconf 86' lang='lat' dir='ltr'>St.</span> <span class='ocrx_word' id='word_1_78' title='bbox 904 703 939 740; x_wconf 91' lang='lat' dir='ltr'>p.</span> <span class='ocrx_word' id='word_1_79' title='bbox 965 692 1068 741; x_wconf 86' lang='grc'><strong>126).</strong></span> <span class='ocrx_word' id='word_1_80' title='bbox 1126 690 1271 741; x_wconf 86' lang='lat' dir='ltr'>Quippe</span> <span class='ocrx_word' id='word_1_81' title='bbox 1303 692 1452 730; x_wconf 92' lang='lat' dir='ltr'>nullum</span> <span class='ocrx_word' id='word_1_82' title='bbox 1482 692 1537 731; x_wconf 85' lang='lat' dir='ltr'>ait</span> <span class='ocrx_word' id='word_1_83' title='bbox 1570 692 1610 730; x_wconf 93' lang='lat' dir='ltr'>in</span> 
     </span>
     <span class='ocr_line' id='line_1_12' title="bbox 124 753 1610 805; baseline 0.002 -14"><span class='ocrx_word' id='word_1_84' title='bbox 124 753 309 804; x_wconf 88' lang='lat' dir='ltr'>prioribus</span> <span class='ocrx_word' id='word_1_85' title='bbox 336 754 441 792; x_wconf 87' lang='lat' dir='ltr'>libris</span> <span class='ocrx_word' id='word_1_86' title='bbox 465 755 624 793; x_wconf 84' lang='lat' dir='ltr'>inveniri</span> <span class='ocrx_word' id='word_1_87' title='bbox 647 755 848 803; x_wconf 86' lang='lat' dir='ltr'>vestigium</span> <span class='ocrx_word' id='word_1_88' title='bbox 873 767 946 804; x_wconf 92' lang='lat' dir='ltr'>quo</span> <span class='ocrx_word' id='word_1_89' title='bbox 974 755 1242 794; x_wconf 83' lang='lat' dir='ltr'>accuratiorem</span> <span class='ocrx_word' id='word_1_90' title='bbox 1264 755 1380 794; x_wconf 85' lang='lat' dir='ltr'>etiam</span> <span class='ocrx_word' id='word_1_91' title='bbox 1401 756 1610 805; x_wconf 89' lang='lat' dir='ltr'>principum</span> 
     </span>
     <span class='ocr_line' id='line_1_13' title="bbox 124 818 1609 859; baseline 0.001 -2"><span class='ocrx_word' id='word_1_92' title='bbox 124 818 373 857; x_wconf 89' lang='lat' dir='ltr'>eruditionem</span> <span class='ocrx_word' id='word_1_93' title='bbox 393 821 608 857; x_wconf 89' lang='lat' dir='ltr'>secuturam</span> <span class='ocrx_word' id='word_1_94' title='bbox 629 831 710 858; x_wconf 88' lang='lat' dir='ltr'>esse</span> <span class='ocrx_word' id='word_1_95' title='bbox 730 820 884 858; x_wconf 86' lang='lat' dir='ltr'>eluceat.</span> <span class='ocrx_word' id='word_1_96' title='bbox 941 819 1015 857; x_wconf 88' lang='lat' dir='ltr'>Sed</span> <span class='ocrx_word' id='word_1_97' title='bbox 1036 831 1109 857; x_wconf 92' lang='lat' dir='ltr'>non</span> <span class='ocrx_word' id='word_1_98' title='bbox 1128 819 1394 858; x_wconf 87' lang='lat' dir='ltr'>animadvertit</span> <span class='ocrx_word' id='word_1_99' title='bbox 1411 820 1609 859; x_wconf 87' lang='lat' dir='ltr'>Platonem</span> 
     </span>
     <span class='ocr_line' id='line_1_14' title="bbox 123 882 1649 933; baseline 0.001 -13"><span class='ocrx_word' id='word_1_100' title='bbox 123 882 163 920; x_wconf 89' lang='lat' dir='ltr'>in</span> <span class='ocrx_word' id='word_1_101' title='bbox 190 883 310 933; x_wconf 90' lang='lat' dir='ltr'>priore</span> <span class='ocrx_word' id='word_1_102' title='bbox 338 883 591 933; x_wconf 89' lang='lat' dir='ltr'>disputatione</span> <span class='ocrx_word' id='word_1_103' title='bbox 629 883 702 933; x_wconf 93' lang='lat' dir='ltr'>(III</span> <span class='ocrx_word' id='word_1_104' title='bbox 730 884 808 920; x_wconf 89' lang='lat'>414</span> <span class='ocrx_word' id='word_1_105' title='bbox 836 884 884 931; x_wconf 88' lang='lat' dir='ltr'>A)</span> <span class='ocrx_word' id='word_1_106' title='bbox 916 895 954 921; x_wconf 89' lang='lat' dir='ltr'>se</span> <span class='ocrx_word' id='word_1_107' title='bbox 982 883 1028 921; x_wconf 89' lang='lat' dir='ltr'>de</span> <span class='ocrx_word' id='word_1_108' title='bbox 1056 883 1219 921; x_wconf 89' lang='lat' dir='ltr'>civitatis</span> <span class='ocrx_word' id='word_1_109' title='bbox 1246 883 1452 922; x_wconf 90' lang='lat' dir='ltr'>rectoribus</span> <span class='ocrx_word' id='word_1_110' title='bbox 1479 886 1610 933; x_wconf 89' lang='lat' dir='ltr'>postea</span> <span class='ocrx_word' id='word_1_111' title='bbox 1646 914 1649 916; x_wconf 91' lang='lat'>.</span> 
     </span>
     <span class='ocr_line' id='line_1_15' title="bbox 124 941 1611 998; baseline 0.001 -14"><span class='ocrx_word' id='word_1_112' title='bbox 124 947 314 985; x_wconf 89' lang='lat' dir='ltr'>definitius</span> <span class='ocrx_word' id='word_1_113' title='bbox 350 948 542 985; x_wconf 87' lang='lat' dir='ltr'>dicturum</span> <span class='ocrx_word' id='word_1_114' title='bbox 578 959 748 997; x_wconf 85' lang='lat' dir='ltr'>expresse</span> <span class='ocrx_word' id='word_1_115' title='bbox 786 948 1017 996; x_wconf 87' lang='lat' dir='ltr'>significasse</span> <span class='ocrx_word' id='word_1_116' title='bbox 1055 948 1112 985; x_wconf 90' lang='lat' dir='ltr'>his</span> <span class='ocrx_word' id='word_1_117' title='bbox 1148 948 1292 985; x_wconf 90' lang='lat' dir='ltr'>verbis:</span> <span class='ocrx_word' id='word_1_118' title='bbox 1343 941 1513 998; x_wconf 70' lang='grc' dir='ltr'><strong><em>Τοιαύτη</em></strong></span> <span class='ocrx_word' id='word_1_119' title='bbox 1548 962 1611 993; x_wconf 82' lang='grc' dir='ltr'>τις</span> 
     </span>
     <span class='ocr_line' id='line_1_16' title="bbox 125 1005 1611 1063; baseline 0.001 -14"><span class='ocrx_word' id='word_1_120' title='bbox 125 1010 235 1049; x_wconf 79' lang='grc' dir='ltr'><em>δοκεῖ</em></span> <span class='ocrx_word' id='word_1_121' title='bbox 273 1024 345 1060; x_wconf 88' lang='grc' dir='ltr'>μοι</span> <span class='ocrx_word' id='word_1_122' title='bbox 386 1005 410 1063; x_wconf 83' lang='grc' dir='ltr'><em>ἡ</em></span> <span class='ocrx_word' id='word_1_123' title='bbox 453 1006 594 1063; x_wconf 76' lang='grc' dir='ltr'><em>ἐκλογὴ</em></span> <span class='ocrx_word' id='word_1_124' title='bbox 635 1006 736 1049; x_wconf 86' lang='grc' dir='ltr'><strong><em>εἶναι</em></strong></span> <span class='ocrx_word' id='word_1_125' title='bbox 777 1011 846 1049; x_wconf 78' lang='grc' dir='ltr'>καὶ</span> <span class='ocrx_word' id='word_1_126' title='bbox 887 1006 1131 1057; x_wconf 82' lang='grc' dir='ltr'><strong><em>κατάστασις</em></strong></span> <span class='ocrx_word' id='word_1_127' title='bbox 1172 1012 1362 1061; x_wconf 87' lang='lat' dir='ltr'>(Auswahl</span> <span class='ocrx_word' id='word_1_128' title='bbox 1404 1013 1482 1050; x_wconf 90' lang='lat' dir='ltr'>und</span> <span class='ocrx_word' id='word_1_129' title='bbox 1516 1013 1611 1050; x_wconf 87' lang='lat' dir='ltr'>Auf-</span> 
     </span>
     <span class='ocr_line' id='line_1_17' title="bbox 123 1067 1608 1127; baseline 0.001 -15"><span class='ocrx_word' id='word_1_130' title='bbox 123 1076 305 1125; x_wconf 85' lang='lat' dir='ltr'>stellung)</span> <span class='ocrx_word' id='word_1_131' title='bbox 341 1073 420 1112; x_wconf 79' lang='grc' dir='ltr'>τῶν</span> <span class='ocrx_word' id='word_1_132' title='bbox 460 1067 654 1126; x_wconf 70' lang='grc' dir='ltr'><em>ἀρχόντων</em></span> <span class='ocrx_word' id='word_1_133' title='bbox 693 1089 736 1113; x_wconf 84' lang='grc' dir='ltr'>τε</span> <span class='ocrx_word' id='word_1_134' title='bbox 776 1074 845 1113; x_wconf 79' lang='grc' dir='ltr'>καὶ</span> <span class='ocrx_word' id='word_1_135' title='bbox 874 1069 1059 1127; x_wconf 75' lang='grc' dir='ltr'><em>φυλάκων</em></span> <span class='ocrx_word' id='word_1_136' title='bbox 1102 1068 1162 1121; x_wconf 78' lang='grc' dir='ltr'>ὥς</span> <span class='ocrx_word' id='word_1_137' title='bbox 1203 1073 1250 1113; x_wconf 79' lang='grc' dir='ltr'>ἒν</span> <span class='ocrx_word' id='word_1_138' title='bbox 1290 1069 1421 1126; x_wconf 67' lang='grc' dir='ltr'>τύπῳ</span> <span class='ocrx_word' id='word_1_139' title='bbox 1456 1069 1516 1127; x_wconf 78' lang='grc' dir='ltr'>μὴ</span> <span class='ocrx_word' id='word_1_140' title='bbox 1550 1067 1608 1113; x_wconf 71' lang='grc' dir='ltr'>δι’</span> 
     </span>
     <span class='ocr_line' id='line_1_18' title="bbox 120 1130 1610 1190; baseline 0.001 -14"><span class='ocrx_word' id='word_1_141' title='bbox 120 1130 373 1190; x_wconf 74' lang='grc' dir='ltr'><em>ἀκριβείας</em></span> <span class='ocrx_word' id='word_1_142' title='bbox 406 1135 644 1190; x_wconf 76' lang='grc' dir='ltr'><strong><em>εἰρῆσθαι.</em></strong></span> <span class='ocrx_word' id='word_1_143' title='bbox 659 1140 687 1189; x_wconf 88' lang='grc'>1)</span> <span class='ocrx_word' id='word_1_144' title='bbox 744 1139 888 1189; x_wconf 88' lang='lat' dir='ltr'>Nempe</span> <span class='ocrx_word' id='word_1_145' title='bbox 923 1140 1016 1178; x_wconf 89' lang='lat' dir='ltr'>haec</span> <span class='ocrx_word' id='word_1_146' title='bbox 1051 1139 1262 1189; x_wconf 88' lang='lat' dir='ltr'>principum</span> <span class='ocrx_word' id='word_1_147' title='bbox 1298 1140 1485 1178; x_wconf 88' lang='lat' dir='ltr'>institutio</span> <span class='ocrx_word' id='word_1_148' title='bbox 1522 1151 1610 1178; x_wconf 88' lang='lat' dir='ltr'>cum</span> 
     </span>
     <span class='ocr_line' id='line_1_19' title="bbox 122 1202 1611 1252; baseline 0.001 -12"><span class='ocrx_word' id='word_1_149' title='bbox 122 1203 228 1240; x_wconf 90' lang='lat' dir='ltr'>nulla</span> <span class='ocrx_word' id='word_1_150' title='bbox 263 1204 368 1252; x_wconf 87' lang='lat' dir='ltr'>parte</span> <span class='ocrx_word' id='word_1_151' title='bbox 404 1204 623 1242; x_wconf 88' lang='lat' dir='ltr'>custodibus</span> <span class='ocrx_word' id='word_1_152' title='bbox 656 1203 775 1252; x_wconf 89' lang='lat' dir='ltr'>potior</span> <span class='ocrx_word' id='word_1_153' title='bbox 809 1204 877 1249; x_wconf 93' lang='lat' dir='ltr'>sit,</span> <span class='ocrx_word' id='word_1_154' title='bbox 920 1203 1089 1242; x_wconf 88' lang='lat' dir='ltr'>sufficere</span> <span class='ocrx_word' id='word_1_155' title='bbox 1124 1215 1197 1241; x_wconf 91' lang='lat' dir='ltr'>non</span> <span class='ocrx_word' id='word_1_156' title='bbox 1232 1205 1365 1252; x_wconf 88' lang='lat' dir='ltr'>potest.</span> <span class='ocrx_word' id='word_1_157' title='bbox 1438 1202 1543 1251; x_wconf 84' lang='lat' dir='ltr'>Quae</span> <span class='ocrx_word' id='word_1_158' title='bbox 1579 1203 1611 1242; x_wconf 89' lang='lat' dir='ltr'>si</span> 
     </span>
     <span class='ocr_line' id='line_1_20' title="bbox 122 1266 1610 1317; baseline 0 -12"><span class='ocrx_word' id='word_1_159' title='bbox 122 1266 328 1313; x_wconf 86' lang='lat' dir='ltr'>sufficeret,</span> <span class='ocrx_word' id='word_1_160' title='bbox 365 1267 527 1316; x_wconf 86' lang='lat' dir='ltr'>profecto</span> <span class='ocrx_word' id='word_1_161' title='bbox 563 1268 792 1317; x_wconf 89' lang='lat' dir='ltr'>comparatio</span> <span class='ocrx_word' id='word_1_162' title='bbox 827 1267 895 1306; x_wconf 90' lang='lat' dir='ltr'>illa</span> <span class='ocrx_word' id='word_1_163' title='bbox 930 1278 1045 1316; x_wconf 91' lang='lat' dir='ltr'>quam</span> <span class='ocrx_word' id='word_1_164' title='bbox 1083 1267 1191 1306; x_wconf 90' lang='lat' dir='ltr'>Plato</span> <span class='ocrx_word' id='word_1_165' title='bbox 1224 1267 1264 1305; x_wconf 92' lang='lat' dir='ltr'>in</span> <span class='ocrx_word' id='word_1_166' title='bbox 1301 1267 1354 1305; x_wconf 94' lang='lat' dir='ltr'>IV</span> <span class='ocrx_word' id='word_1_167' title='bbox 1391 1266 1485 1306; x_wconf 91' lang='lat' dir='ltr'>libro</span> <span class='ocrx_word' id='word_1_168' title='bbox 1513 1267 1610 1306; x_wconf 88' lang='lat' dir='ltr'>inter</span> 
     </span>
     <span class='ocr_line' id='line_1_21' title="bbox 124 1330 1612 1381; baseline 0.001 -12"><span class='ocrx_word' id='word_1_169' title='bbox 124 1331 315 1370; x_wconf 89' lang='lat' dir='ltr'>hominem</span> <span class='ocrx_word' id='word_1_170' title='bbox 351 1334 390 1370; x_wconf 91' lang='lat' dir='ltr'>et</span> <span class='ocrx_word' id='word_1_171' title='bbox 423 1332 695 1381; x_wconf 86' lang='lat' dir='ltr'>rempublicam</span> <span class='ocrx_word' id='word_1_172' title='bbox 731 1331 897 1371; x_wconf 88' lang='lat' dir='ltr'>instituit</span> <span class='ocrx_word' id='word_1_173' title='bbox 932 1343 1006 1370; x_wconf 91' lang='grc'><strong>11011</strong></span> <span class='ocrx_word' id='word_1_174' title='bbox 1042 1331 1173 1370; x_wconf 88' lang='lat' dir='ltr'>leviter</span> <span class='ocrx_word' id='word_1_175' title='bbox 1206 1330 1398 1371; x_wconf 85' lang='lat' dir='ltr'>vacillaret</span> <span class='ocrx_word' id='word_1_176' title='bbox 1433 1332 1471 1371; x_wconf 88' lang='lat' dir='ltr'>et</span> <span class='ocrx_word' id='word_1_177' title='bbox 1509 1331 1612 1371; x_wconf 94' lang='lat' dir='ltr'>clau-</span> 
     </span>
     <span class='ocr_line' id='line_1_22' title="bbox 123 1395 1610 1442; baseline 0.001 -9"><span class='ocrx_word' id='word_1_178' title='bbox 123 1395 276 1434; x_wconf 88' lang='lat' dir='ltr'>dicaret.</span> <span class='ocrx_word' id='word_1_179' title='bbox 339 1396 437 1434; x_wconf 86' lang='lat' dir='ltr'>Tum</span> <span class='ocrx_word' id='word_1_180' title='bbox 474 1396 575 1435; x_wconf 91' lang='lat' dir='ltr'>enim</span> <span class='ocrx_word' id='word_1_181' title='bbox 612 1395 797 1435; x_wconf 87' lang='lat' dir='ltr'>accideret</span> <span class='ocrx_word' id='word_1_182' title='bbox 831 1397 876 1435; x_wconf 91' lang='lat' dir='ltr'>ut</span> <span class='ocrx_word' id='word_1_183' title='bbox 909 1395 1015 1442; x_wconf 77' lang='lat' dir='ltr'>ratio,</span> <span class='ocrx_word' id='word_1_184' title='bbox 1051 1395 1275 1434; x_wconf 85' lang='lat' dir='ltr'>immortalis</span> <span class='ocrx_word' id='word_1_185' title='bbox 1310 1395 1427 1434; x_wconf 91' lang='lat' dir='ltr'>animi</span> <span class='ocrx_word' id='word_1_186' title='bbox 1455 1395 1524 1441; x_wconf 90' lang='lat' dir='ltr'>vis,</span> <span class='ocrx_word' id='word_1_187' title='bbox 1562 1396 1610 1435; x_wconf 91' lang='lat' dir='ltr'>ab</span> 
     </span>
     <span class='ocr_line' id='line_1_23' title="bbox 124 1458 1611 1508; baseline 0.001 -11"><span class='ocrx_word' id='word_1_188' title='bbox 124 1459 181 1497; x_wconf 87' lang='lat' dir='ltr'>ira</span> <span class='ocrx_word' id='word_1_189' title='bbox 211 1461 249 1498; x_wconf 86' lang='lat' dir='ltr'>et</span> <span class='ocrx_word' id='word_1_190' title='bbox 278 1459 494 1508; x_wconf 83' lang='lat' dir='ltr'>cupiditate,</span> <span class='ocrx_word' id='word_1_191' title='bbox 530 1460 754 1499; x_wconf 87' lang='lat' dir='ltr'>mortalibus</span> <span class='ocrx_word' id='word_1_192' title='bbox 782 1460 868 1506; x_wconf 86' lang='lat' dir='ltr'>illis,</span> <span class='ocrx_word' id='word_1_193' title='bbox 906 1460 1026 1498; x_wconf 92' lang='lat' dir='ltr'>multo</span> <span class='ocrx_word' id='word_1_194' title='bbox 1053 1460 1196 1498; x_wconf 89' lang='lat' dir='ltr'>maiore</span> <span class='ocrx_word' id='word_1_195' title='bbox 1223 1459 1420 1498; x_wconf 87' lang='lat' dir='ltr'>intervallo</span> <span class='ocrx_word' id='word_1_196' title='bbox 1453 1458 1611 1498; x_wconf 88' lang='lat' dir='ltr'>distaret</span> 
     </span>
     <span class='ocr_line' id='line_1_24' title="bbox 126 1523 1609 1572; baseline 0.001 -11"><span class='ocrx_word' id='word_1_197' title='bbox 126 1535 244 1572; x_wconf 88' lang='lat' dir='ltr'>quam</span> <span class='ocrx_word' id='word_1_198' title='bbox 280 1523 506 1572; x_wconf 87' lang='lat' dir='ltr'>reipublicae</span> <span class='ocrx_word' id='word_1_199' title='bbox 543 1526 724 1569; x_wconf 87' lang='lat' dir='ltr'>rectores,</span> <span class='ocrx_word' id='word_1_200' title='bbox 761 1524 793 1562; x_wconf 90' lang='lat' dir='ltr'>si</span> <span class='ocrx_word' id='word_1_201' title='bbox 827 1524 949 1562; x_wconf 89' lang='lat' dir='ltr'>victus</span> <span class='ocrx_word' id='word_1_202' title='bbox 986 1525 1100 1572; x_wconf 90' lang='lat' dir='ltr'>atque</span> <span class='ocrx_word' id='word_1_203' title='bbox 1137 1523 1305 1562; x_wconf 89' lang='lat' dir='ltr'>educatio</span> <span class='ocrx_word' id='word_1_204' title='bbox 1341 1524 1550 1572; x_wconf 87' lang='lat' dir='ltr'>spectatur,</span> <span class='ocrx_word' id='word_1_205' title='bbox 1586 1534 1609 1562; x_wconf 92' lang='lat' dir='ltr'>a</span> 
     </span>
     <span class='ocr_line' id='line_1_25' title="bbox 123 1586 1609 1637; baseline 0 -12"><span class='ocrx_word' id='word_1_206' title='bbox 123 1587 308 1626; x_wconf 81' lang='lat' dir='ltr'>militibus</span> <span class='ocrx_word' id='word_1_207' title='bbox 346 1587 500 1637; x_wconf 89' lang='lat' dir='ltr'>imperio</span> <span class='ocrx_word' id='word_1_208' title='bbox 540 1600 608 1626; x_wconf 92' lang='lat' dir='ltr'>suo</span> <span class='ocrx_word' id='word_1_209' title='bbox 648 1587 843 1633; x_wconf 84' lang='lat' dir='ltr'>subiectis,</span> <span class='ocrx_word' id='word_1_210' title='bbox 879 1598 1039 1636; x_wconf 92' lang='lat' dir='ltr'>quorum</span> <span class='ocrx_word' id='word_1_211' title='bbox 1072 1586 1353 1626; x_wconf 84' lang='lat' dir='ltr'>intervallorum</span> <span class='ocrx_word' id='word_1_212' title='bbox 1390 1586 1459 1625; x_wconf 91' lang='lat' dir='ltr'>hoc</span> <span class='ocrx_word' id='word_1_213' title='bbox 1493 1586 1609 1625; x_wconf 91' lang='lat' dir='ltr'>etiam</span> 
     </span>
     <span class='ocr_line' id='line_1_26' title="bbox 130 1650 1611 1701; baseline 0 -12"><span class='ocrx_word' id='word_1_214' title='bbox 130 1653 320 1701; x_wconf 84' lang='lat' dir='ltr'>ceteroqui</span> <span class='ocrx_word' id='word_1_215' title='bbox 349 1652 411 1690; x_wconf 90' lang='lat' dir='ltr'>illo</span> <span class='ocrx_word' id='word_1_216' title='bbox 440 1653 566 1690; x_wconf 88' lang='lat' dir='ltr'>minus</span> <span class='ocrx_word' id='word_1_217' title='bbox 595 1664 676 1690; x_wconf 88' lang='lat' dir='ltr'>esse</span> <span class='ocrx_word' id='word_1_218' title='bbox 704 1652 870 1690; x_wconf 89' lang='lat' dir='ltr'>Zellerus</span> <span class='ocrx_word' id='word_1_219' title='bbox 899 1652 965 1690; x_wconf 90' lang='grc'><strong>1.1,</strong></span> <span class='ocrx_word' id='word_1_220' title='bbox 986 1664 1020 1700; x_wconf 92' lang='lat' dir='ltr'>p.</span> <span class='ocrx_word' id='word_1_221' title='bbox 1044 1652 1118 1689; x_wconf 89' lang='grc'>768</span> <span class='ocrx_word' id='word_1_222' title='bbox 1148 1650 1423 1690; x_wconf 88' lang='lat' dir='ltr'>animadvertit.</span> <span class='ocrx_word' id='word_1_223' title='bbox 1469 1650 1611 1689; x_wconf 91' lang='lat' dir='ltr'>Verum</span> 
     </span>
     <span class='ocr_line' id='line_1_27' title="bbox 123 1709 1609 1764; baseline -0.001 -10"><span class='ocrx_word' id='word_1_224' title='bbox 123 1716 224 1754; x_wconf 90' lang='lat' dir='ltr'>enim</span> <span class='ocrx_word' id='word_1_225' title='bbox 260 1727 344 1754; x_wconf 90' lang='lat' dir='ltr'>vero</span> <span class='ocrx_word' id='word_1_226' title='bbox 383 1716 414 1754; x_wconf 90' lang='lat' dir='ltr'>si</span> <span class='ocrx_word' id='word_1_227' title='bbox 444 1709 639 1754; x_wconf 86' lang='lat' dir='ltr'>Platonem</span> <span class='ocrx_word' id='word_1_228' title='bbox 674 1716 739 1753; x_wconf 91' lang='lat' dir='ltr'>illa</span> <span class='ocrx_word' id='word_1_229' title='bbox 774 1716 872 1754; x_wconf 89' lang='lat' dir='ltr'>inter</span> <span class='ocrx_word' id='word_1_230' title='bbox 907 1727 946 1754; x_wconf 89' lang='lat' dir='ltr'>se</span> <span class='ocrx_word' id='word_1_231' title='bbox 973 1716 1027 1753; x_wconf 89' lang='lat' dir='ltr'>ita</span> <span class='ocrx_word' id='word_1_232' title='bbox 1055 1715 1328 1764; x_wconf 86' lang='lat' dir='ltr'>comparavisse</span> <span class='ocrx_word' id='word_1_233' title='bbox 1363 1715 1536 1764; x_wconf 88' lang='lat' dir='ltr'>ponimus</span> <span class='ocrx_word' id='word_1_234' title='bbox 1564 1717 1609 1753; x_wconf 91' lang='lat' dir='ltr'>ut</span> 
     </span>
     <span class='ocr_line' id='line_1_28' title="bbox 123 1779 1609 1830; baseline 0 -13"><span class='ocrx_word' id='word_1_235' title='bbox 123 1779 352 1829; x_wconf 90' lang='lat' dir='ltr'>principibus</span> <span class='ocrx_word' id='word_1_236' title='bbox 400 1791 594 1829; x_wconf 89' lang='lat' dir='ltr'>progressa</span> <span class='ocrx_word' id='word_1_237' title='bbox 637 1780 886 1830; x_wconf 89' lang='lat' dir='ltr'>disputatione</span> <span class='ocrx_word' id='word_1_238' title='bbox 924 1780 1040 1817; x_wconf 89' lang='lat' dir='ltr'>etiam</span> <span class='ocrx_word' id='word_1_239' title='bbox 1079 1780 1261 1817; x_wconf 91' lang='lat' dir='ltr'>maiorem</span> <span class='ocrx_word' id='word_1_240' title='bbox 1302 1779 1521 1827; x_wconf 85' lang='lat' dir='ltr'>cognitionis</span> <span class='ocrx_word' id='word_1_241' title='bbox 1565 1790 1609 1817; x_wconf 91' lang='grc'>30</span> 
     </span>
     <span class='ocr_line' id='line_1_29' title="bbox 123 1842 1610 1892; baseline -0.001 -11"><span class='ocrx_word' id='word_1_242' title='bbox 123 1844 274 1881; x_wconf 89' lang='lat' dir='ltr'>virtutis</span> <span class='ocrx_word' id='word_1_243' title='bbox 311 1843 463 1882; x_wconf 90' lang='lat' dir='ltr'>laudem</span> <span class='ocrx_word' id='word_1_244' title='bbox 500 1844 679 1881; x_wconf 87' lang='lat' dir='ltr'>vindicari</span> <span class='ocrx_word' id='word_1_245' title='bbox 729 1844 837 1882; x_wconf 88' lang='lat' dir='ltr'>vellet</span> <span class='ocrx_word' id='word_1_246' title='bbox 882 1854 1040 1892; x_wconf 85' lang='lat' dir='ltr'>eamque</span> <span class='ocrx_word' id='word_1_247' title='bbox 1076 1842 1348 1891; x_wconf 89' lang='lat' dir='ltr'>quodammodo</span> <span class='ocrx_word' id='word_1_248' title='bbox 1383 1843 1496 1881; x_wconf 86' lang='lat' dir='ltr'>tacite</span> <span class='ocrx_word' id='word_1_249' title='bbox 1533 1843 1610 1880; x_wconf 92' lang='lat' dir='ltr'>iam</span> 
     </span>
     <span class='ocr_line' id='line_1_30' title="bbox 123 1906 1610 1958; baseline -0.001 -12"><span class='ocrx_word' id='word_1_250' title='bbox 123 1908 363 1958; x_wconf 86' lang='lat' dir='ltr'>anticiparet,</span> <span class='ocrx_word' id='word_1_251' title='bbox 406 1908 527 1946; x_wconf 88' lang='lat' dir='ltr'>multo</span> <span class='ocrx_word' id='word_1_252' title='bbox 565 1908 845 1946; x_wconf 89' lang='lat' dir='ltr'>convenientius</span> <span class='ocrx_word' id='word_1_253' title='bbox 882 1909 920 1945; x_wconf 89' lang='lat' dir='ltr'>et</span> <span class='ocrx_word' id='word_1_254' title='bbox 955 1907 1117 1945; x_wconf 90' lang='lat' dir='ltr'>civitatis</span> <span class='ocrx_word' id='word_1_255' title='bbox 1152 1906 1438 1955; x_wconf 85' lang='lat' dir='ltr'>gubernatores,</span> <span class='ocrx_word' id='word_1_256' title='bbox 1481 1908 1610 1956; x_wconf 84' lang='lat' dir='ltr'>utpote</span> 
     </span>
     <span class='ocr_line' id='line_1_31' title="bbox 123 1971 1610 2022; baseline -0.001 -11"><span class='ocrx_word' id='word_1_257' title='bbox 123 1972 295 2012; x_wconf 87' lang='lat' dir='ltr'>idearum</span> <span class='ocrx_word' id='word_1_258' title='bbox 329 1973 609 2022; x_wconf 87' lang='lat' dir='ltr'>intellegentes,</span> <span class='ocrx_word' id='word_1_259' title='bbox 653 1984 740 2011; x_wconf 90' lang='lat' dir='ltr'>cum</span> <span class='ocrx_word' id='word_1_260' title='bbox 775 1972 917 2011; x_wconf 90' lang='lat' dir='ltr'>ratione</span> <span class='ocrx_word' id='word_1_261' title='bbox 953 1972 1018 2009; x_wconf 91' lang='lat' dir='ltr'>illa</span> <span class='ocrx_word' id='word_1_262' title='bbox 1056 1971 1201 2017; x_wconf 87' lang='lat' dir='ltr'>divina,</span> <span class='ocrx_word' id='word_1_263' title='bbox 1243 1972 1280 2010; x_wconf 89' lang='lat' dir='ltr'>et</span> <span class='ocrx_word' id='word_1_264' title='bbox 1315 1971 1473 2016; x_wconf 88' lang='lat' dir='ltr'>milites,</span> <span class='ocrx_word' id='word_1_265' title='bbox 1518 1982 1610 2020; x_wconf 90' lang='lat' dir='ltr'>quos</span> 
     </span>
     <span class='ocr_line' id='line_1_32' title="bbox 122 2036 1608 2087; baseline -0.001 -12"><span class='ocrx_word' id='word_1_266' title='bbox 122 2036 360 2087; x_wconf 86' lang='lat' dir='ltr'>gymnastica</span> <span class='ocrx_word' id='word_1_267' title='bbox 397 2039 434 2076; x_wconf 88' lang='lat' dir='ltr'>et</span> <span class='ocrx_word' id='word_1_268' title='bbox 474 2038 620 2076; x_wconf 83' lang='lat' dir='ltr'>musica</span> <span class='ocrx_word' id='word_1_269' title='bbox 648 2039 729 2076; x_wconf 90' lang='lat' dir='ltr'>arte</span> <span class='ocrx_word' id='word_1_270' title='bbox 757 2037 922 2075; x_wconf 85' lang='lat' dir='ltr'>excultos</span> <span class='ocrx_word' id='word_1_271' title='bbox 951 2036 1063 2075; x_wconf 88' lang='lat' dir='ltr'>fortes</span> <span class='ocrx_word' id='word_1_272' title='bbox 1092 2047 1136 2074; x_wconf 91' lang='lat' dir='ltr'>ac</span> <span class='ocrx_word' id='word_1_273' title='bbox 1163 2036 1352 2074; x_wconf 87' lang='lat' dir='ltr'>modestos</span> <span class='ocrx_word' id='word_1_274' title='bbox 1381 2047 1463 2074; x_wconf 87' lang='lat' dir='ltr'>esse</span> <span class='ocrx_word' id='word_1_275' title='bbox 1491 2036 1608 2081; x_wconf 88' lang='lat' dir='ltr'>decet,</span> 
     </span>
     <span class='ocr_line' id='line_1_33' title="bbox 122 2099 1607 2150; baseline -0.001 -10"><span class='ocrx_word' id='word_1_276' title='bbox 122 2112 209 2140; x_wconf 89' lang='lat' dir='ltr'>cum</span> <span class='ocrx_word' id='word_1_277' title='bbox 246 2101 302 2140; x_wconf 92' lang='lat' dir='ltr'>ira</span> <span class='ocrx_word' id='word_1_278' title='bbox 337 2101 559 2150; x_wconf 88' lang='lat' dir='ltr'>cupiditates</span> <span class='ocrx_word' id='word_1_279' title='bbox 589 2102 779 2141; x_wconf 88' lang='lat' dir='ltr'>coercente</span> <span class='ocrx_word' id='word_1_280' title='bbox 815 2101 1013 2150; x_wconf 88' lang='lat' dir='ltr'>animoque</span> <span class='ocrx_word' id='word_1_281' title='bbox 1041 2101 1195 2150; x_wconf 87' lang='lat' dir='ltr'>parente</span> <span class='ocrx_word' id='word_1_282' title='bbox 1223 2099 1463 2139; x_wconf 89' lang='lat' dir='ltr'>conferuntur</span> <span class='ocrx_word' id='word_1_283' title='bbox 1491 2110 1607 2150; x_wconf 89' lang='grc'><strong>(1113111</strong></span> 
     </span>
     <span class='ocr_line' id='line_1_34' title="bbox 121 2163 1517 2214; baseline -0.001 -10"><span class='ocrx_word' id='word_1_284' title='bbox 121 2166 153 2204; x_wconf 88' lang='lat' dir='ltr'>si</span> <span class='ocrx_word' id='word_1_285' title='bbox 180 2166 219 2204; x_wconf 90' lang='lat' dir='ltr'>hi</span> <span class='ocrx_word' id='word_1_286' title='bbox 247 2165 319 2204; x_wconf 91' lang='grc'><strong>(1110</strong></span> <span class='ocrx_word' id='word_1_287' title='bbox 349 2165 511 2205; x_wconf 87' lang='lat' dir='ltr'>civitatis</span> <span class='ocrx_word' id='word_1_288' title='bbox 540 2166 687 2205; x_wconf 87' lang='lat' dir='ltr'>ordines</span> <span class='ocrx_word' id='word_1_289' title='bbox 715 2165 933 2205; x_wconf 89' lang='lat' dir='ltr'>educatione</span> <span class='ocrx_word' id='word_1_290' title='bbox 961 2175 1098 2214; x_wconf 88' lang='lat' dir='ltr'>parum</span> <span class='ocrx_word' id='word_1_291' title='bbox 1125 2164 1223 2203; x_wconf 86' lang='lat' dir='ltr'>inter</span> <span class='ocrx_word' id='word_1_292' title='bbox 1250 2175 1290 2203; x_wconf 89' lang='lat' dir='ltr'>se</span> <span class='ocrx_word' id='word_1_293' title='bbox 1318 2163 1517 2204; x_wconf 85' lang='lat' dir='ltr'>differrent.</span> 
     </span>
    </p>
   </div>
   <div class='ocr_carea' id='block_1_4' title="bbox 119 2286 1610 2548">
    <p class='ocr_par' dir='ltr' id='par_1_5' title="bbox 119 2286 1610 2548">
     <span class='ocr_line' id='line_1_35' title="bbox 233 2286 1610 2332; baseline -0.001 -8"><span class='ocrx_word' id='word_1_294' title='bbox 233 2293 256 2332; x_wconf 92' lang='lat'>¹)</span> <span class='ocrx_word' id='word_1_295' title='bbox 281 2292 399 2324; x_wconf 88' lang='lat' dir='ltr'>Parum</span> <span class='ocrx_word' id='word_1_296' title='bbox 432 2294 514 2324; x_wconf 84' lang='lat' dir='ltr'>recte</span> <span class='ocrx_word' id='word_1_297' title='bbox 543 2291 706 2324; x_wconf 88' lang='lat' dir='ltr'>Krohnius</span> <span class='ocrx_word' id='word_1_298' title='bbox 738 2291 943 2324; x_wconf 83' lang='lat' dir='ltr'>contradicit:</span> <span class='ocrx_word' id='word_1_299' title='bbox 988 2286 1044 2323; x_wconf 80' lang='lat' dir='ltr'>‘Es</span> <span class='ocrx_word' id='word_1_300' title='bbox 1074 2290 1157 2332; x_wconf 80' lang='lat' dir='ltr'>folgt</span> <span class='ocrx_word' id='word_1_301' title='bbox 1191 2289 1281 2323; x_wconf 85' lang='lat' dir='ltr'>nicht</span> <span class='ocrx_word' id='word_1_302' title='bbox 1309 2290 1379 2322; x_wconf 84' lang='lat' dir='ltr'>eine</span> <span class='ocrx_word' id='word_1_303' title='bbox 1407 2287 1610 2323; x_wconf 76' lang='grc' dir='ltr'><strong><em>κατάστασις</em></strong></span> 
     </span>
     <span class='ocr_line' id='line_1_36' title="bbox 121 2339 1609 2388; baseline -0.001 -11"><span class='ocrx_word' id='word_1_304' title='bbox 121 2347 190 2377; x_wconf 78' lang='grc' dir='ltr'>τῶν</span> <span class='ocrx_word' id='word_1_305' title='bbox 213 2343 401 2388; x_wconf 64' lang='grc' dir='ltr'><em>ἀρχόντων,</em></span> <span class='ocrx_word' id='word_1_306' title='bbox 434 2347 568 2378; x_wconf 82' lang='lat' dir='ltr'>sondern</span> <span class='ocrx_word' id='word_1_307' title='bbox 598 2347 666 2378; x_wconf 78' lang='lat' dir='ltr'>eine</span> <span class='ocrx_word' id='word_1_308' title='bbox 693 2344 896 2378; x_wconf 72' lang='grc' dir='ltr'><em>κατάστασις</em></span> <span class='ocrx_word' id='word_1_309' title='bbox 925 2344 982 2384; x_wconf 72' lang='grc' dir='ltr'>τῆς</span> <span class='ocrx_word' id='word_1_310' title='bbox 1011 2344 1079 2376; x_wconf 77' lang='grc' dir='ltr'>τῶν</span> <span class='ocrx_word' id='word_1_311' title='bbox 1110 2340 1281 2386; x_wconf 52' lang='lat' dir='ltr'>‹iffi-(tivum)</span> <span class='ocrx_word' id='word_1_312' title='bbox 1309 2339 1481 2377; x_wconf 62' lang='grc' dir='ltr'><strong><em>παιδείας.’</em></strong></span> <span class='ocrx_word' id='word_1_313' title='bbox 1525 2343 1609 2376; x_wconf 78' lang='lat' dir='ltr'>Nam</span> 
     </span>
     <span class='ocr_line' id='line_1_37' title="bbox 119 2397 1609 2442; baseline -0.002 -9"><span class='ocrx_word' id='word_1_314' title='bbox 119 2411 182 2442; x_wconf 83' lang='lat' dir='ltr'>qua</span> <span class='ocrx_word' id='word_1_315' title='bbox 207 2401 330 2433; x_wconf 85' lang='lat' dir='ltr'>ratione</span> <span class='ocrx_word' id='word_1_316' title='bbox 352 2401 413 2432; x_wconf 77' lang='lat' dir='ltr'>viri</span> <span class='ocrx_word' id='word_1_317' title='bbox 436 2400 539 2433; x_wconf 89' lang='lat' dir='ltr'>idonei</span> <span class='ocrx_word' id='word_1_318' title='bbox 562 2400 677 2441; x_wconf 85' lang='lat' dir='ltr'>quibus</span> <span class='ocrx_word' id='word_1_319' title='bbox 705 2399 896 2440; x_wconf 85' lang='lat' dir='ltr'>reipublicae</span> <span class='ocrx_word' id='word_1_320' title='bbox 917 2397 1168 2440; x_wconf 81' lang='lat' dir='ltr'>gubernaculum</span> <span class='ocrx_word' id='word_1_321' title='bbox 1191 2397 1411 2431; x_wconf 82' lang='lat' dir='ltr'>committatur</span> <span class='ocrx_word' id='word_1_322' title='bbox 1434 2397 1609 2439; x_wconf 83' lang='lat' dir='ltr'>comparari</span> 
     </span>
     <span class='ocr_line' id='line_1_38' title="bbox 120 2450 1610 2500; baseline -0.003 -13"><span class='ocrx_word' id='word_1_323' title='bbox 120 2455 245 2495; x_wconf 86' lang='lat' dir='ltr'>possint</span> <span class='ocrx_word' id='word_1_324' title='bbox 267 2454 329 2486; x_wconf 89' lang='lat' dir='ltr'>nisi</span> <span class='ocrx_word' id='word_1_325' title='bbox 352 2453 482 2486; x_wconf 85' lang='lat' dir='ltr'>assidua</span> <span class='ocrx_word' id='word_1_326' title='bbox 505 2464 541 2486; x_wconf 86' lang='lat' dir='ltr'>ac</span> <span class='ocrx_word' id='word_1_327' title='bbox 564 2453 712 2495; x_wconf 86' lang='lat' dir='ltr'>diligenti</span> <span class='ocrx_word' id='word_1_328' title='bbox 742 2463 850 2485; x_wconf 86' lang='lat' dir='ltr'>earum</span> <span class='ocrx_word' id='word_1_329' title='bbox 875 2462 978 2484; x_wconf 85' lang='lat' dir='ltr'>rerum</span> <span class='ocrx_word' id='word_1_330' title='bbox 1003 2461 1137 2500; x_wconf 65' lang='lat' dir='ltr'>quarum</span> <span class='ocrx_word' id='word_1_331' title='bbox 1163 2451 1256 2492; x_wconf 89' lang='lat' dir='ltr'>periti</span> <span class='ocrx_word' id='word_1_332' title='bbox 1278 2460 1346 2484; x_wconf 83' lang='lat' dir='ltr'>esse</span> <span class='ocrx_word' id='word_1_333' title='bbox 1368 2450 1483 2483; x_wconf 86' lang='lat' dir='ltr'>debent</span> <span class='ocrx_word' id='word_1_334' title='bbox 1504 2450 1610 2483; x_wconf 91' lang='lat' dir='ltr'>erudi-</span> 
     </span>
     <span class='ocr_line' id='line_1_39' title="bbox 120 2507 824 2548; baseline -0.001 -9"><span class='ocrx_word' id='word_1_335' title='bbox 120 2508 204 2540; x_wconf 84' lang='lat' dir='ltr'>tione</span> <span class='ocrx_word' id='word_1_336' title='bbox 227 2518 264 2540; x_wconf 88' lang='lat' dir='ltr'>ac</span> <span class='ocrx_word' id='word_1_337' title='bbox 285 2507 456 2548; x_wconf 81' lang='lat' dir='ltr'>disciplina</span> <span class='ocrx_word' id='word_1_338' title='bbox 478 2517 568 2540; x_wconf 87' lang='lat' dir='ltr'>nemo</span> <span class='ocrx_word' id='word_1_339' title='bbox 591 2509 675 2539; x_wconf 85' lang='lat' dir='ltr'>certe</span> <span class='ocrx_word' id='word_1_340' title='bbox 698 2507 824 2539; x_wconf 85' lang='lat' dir='ltr'>dixerit.</span> 
     </span>
    </p>
   </div>
  </div>
 </body>
</html>
