1786 2742
899 58 950 93 35

290 184 447 223 Videtur
472 184 587 231 igitur
614 195 688 222 non
714 184 792 222 iam
820 196 926 233 posse
954 185 1083 233 negari
1111 186 1288 234 quattuor
1314 195 1429 222 novas
1458 195 1480 221 a
1505 183 1659 222 Platone

182 247 356 287 inductas
384 247 521 285 mentis
549 247 747 285 facultates
775 247 821 285 de
846 248 980 297 quibus
1011 248 1119 286 modo
1141 249 1416 298 disputavimus
1445 259 1517 285 non
1539 248 1659 285 solum

182 325 270 352 cum
297 311 510 364 λογιστικῷ
538 314 750 358 convenire,
779 313 843 352 sed
871 314 950 352 eius
985 314 1099 352 etiam
1127 314 1289 363 proprias
1319 326 1399 353 esse
1427 318 1552 363 partes
1581 312 1660 361 agi-

182 376 414 426 tationesque
441 376 671 415 iudicandas.
728 376 804 415 Nec
830 377 1103 427 philosophum,
1131 389 1219 416 cum
1246 388 1310 415 eas
1339 377 1590 421 constitueret,
1613 375 1658 413 de

184 441 303 490 priore
331 441 447 479 animi
474 441 592 479 forma
620 441 757 490 triplici
793 441 990 480 evertenda
1018 443 1130 490 atque
1158 441 1320 481 tollenda
1359 441 1576 490 cogitavisse
1617 452 1659 479 eo

182 506 326 554 poterat
353 504 524 553 cognosci
551 503 698 543 facilius
727 504 825 553 quod
853 504 901 543 ad
934 505 1029 543 duas
1057 505 1175 543 animi
1201 507 1345 555 partes,
1382 502 1596 553 θυμοειδές
1622 506 1660 541 et

184 562 489 620 ἐπιθυμητικόν,
518 569 603 607 illae
631 569 733 607 nullo
761 569 870 607 modo
899 569 1096 618 pertinent,
1124 569 1222 609 unde
1249 569 1318 608 has
1345 569 1419 607 illis
1447 569 1584 607 aboleri
1613 580 1660 607 ne

182 632 348 680 potuisse
376 632 527 680 quidem
555 634 719 681 apparet.
776 632 919 670 Deinde
947 633 1054 681 longe
1090 634 1271 671 absumus
1298 635 1342 670 ut
1368 633 1545 677 Krohnio,
1573 632 1660 669 ridi-

182 696 310 735 culum
330 696 527 734 arbitranti
542 698 570 746 ¹)
598 696 651 734 ita
678 693 747 734 τοῦ
774 693 1012 745 θυμοειδοῦς
1039 696 1202 735 officium
1230 697 1269 735 in
1298 708 1339 735 eo
1368 696 1469 735 cerni
1489 698 1532 734 ut
1550 695 1658 734 modo

183 760 406 808 geometriae
425 760 722 798 extremitatibus
749 762 787 798 et
806 761 913 809 quasi
933 761 1166 799 libramentis
1187 761 1295 799 modo
1314 760 1406 798 ideis
1426 771 1465 798 se
1484 760 1660 809 praebeat

182 823 389 862 adiutorem
415 835 459 862 ac
477 824 704 869 ministrum,
731 824 807 862 ullo
825 824 934 862 modo
959 824 1220 863 assentiamur.
1267 824 1416 863 Etenim
1434 835 1481 862 ne
1500 824 1661 873 pertinet

182 887 333 937 quidem
356 888 405 926 ad
429 889 672 937 geometriam
697 886 767 926 τοῦ
780 886 911 937 θυμοῦ
929 888 1191 927 ministerium.
1240 888 1312 936 Qui
1330 900 1417 927 eum
1437 888 1484 926 ab
1504 888 1659 926 inimica

182 952 431 1002 cupiditatum
458 953 610 991 lascivia
638 953 814 992 defendat
841 964 1085 1002 quaecunque
1114 964 1136 991 a
1172 953 1313 992 ratione
1347 953 1459 998 bene,
1495 953 1658 997 honeste,

181 1017 241 1065 pie
278 1016 456 1055 mandata
499 1019 587 1055 sunt
630 1017 691 1065 (cf.
728 1017 781 1054 IV
817 1018 895 1054 440
934 1018 966 1054 Β
988 1016 1015 1055 Ο
1036 1017 1069 1054 D
1088 1017 1157 1065 E),
1199 1028 1306 1055 mens
1343 1019 1472 1055 autem
1506 1017 1659 1061 bonum,

183 1081 400 1126 honestum,
435 1081 541 1129 pium
569 1081 657 1129 quid
686 1083 724 1119 et
751 1081 860 1129 quale
889 1081 937 1118 sit
966 1092 1036 1119 non
1065 1081 1183 1129 possit
1210 1093 1229 1119 e
1257 1075 1490 1129 geometricis
1518 1080 1658 1128 figuris,

182 1144 247 1182 sed
283 1144 370 1181 solis
407 1144 588 1181 virtutum
624 1144 753 1182 formis
790 1144 992 1182 diiudicare
1034 1147 1071 1182 et
1107 1155 1345 1192 cognoscere,
1383 1143 1509 1193 procul
1547 1144 1658 1182 dubio

181 1208 352 1257 sequitur
387 1209 430 1246 ut
466 1219 539 1246 non
574 1208 818 1256 geometriae,
858 1208 921 1246 sed
958 1207 1128 1246 idearum
1160 1207 1308 1246 veritati
1342 1207 1522 1247 oboediat.
1577 1207 1660 1245 Hoc

181 1274 310 1310 autem
344 1273 437 1310 mire
475 1284 518 1310 ac
553 1275 699 1322 praeter
734 1273 944 1322 opinionem
972 1273 1137 1311 accidere
1165 1272 1330 1311 Krohnio
1358 1284 1400 1311 eo
1432 1273 1558 1310 minus
1587 1273 1661 1310 lar-

183 1336 331 1384 giemur
359 1336 457 1385 quod
484 1336 592 1374 Plato
621 1348 695 1374 non
722 1336 825 1386 ponit
852 1347 982 1375 verum
1009 1336 1081 1374 nisi
1107 1336 1145 1374 in
1172 1336 1276 1374 ideis.

291 1421 434 1460 Deinde
462 1421 559 1470 quod
597 1421 788 1460 Krohnius
823 1422 862 1459 in
889 1421 1017 1471 primis
1045 1422 1147 1460 libris
1176 1421 1432 1470 psychologica
1462 1416 1597 1473 (φύσις
1625 1424 1662 1459 et

182 1478 229 1522 τὸ
257 1478 492 1535 γιγνόμενον)
521 1485 654 1530 valere,
685 1487 785 1524 sexto
824 1487 861 1523 et
889 1485 1045 1534 septimo
1073 1485 1164 1523 nihil
1194 1485 1264 1523 nisi
1291 1485 1548 1535 metaphysica
1576 1496 1662 1523 con-

184 1549 294 1586 tineri
322 1551 359 1587 et
378 1549 498 1587 solum
526 1542 572 1586 τὸ
601 1540 643 1586 ὅν
669 1549 709 1587 in
735 1550 872 1588 honore
900 1561 981 1588 esse
1008 1549 1115 1595 dicit,
1153 1561 1225 1587 non
1253 1549 1355 1587 omni
1390 1549 1483 1588 haec
1518 1549 1575 1587 lex
1603 1561 1660 1588 ex-

184 1612 349 1661 ceptione
377 1614 496 1650 vacat.
560 1612 680 1650 Immo
718 1613 756 1650 in
793 1613 851 1650 his
881 1624 1026 1662 quoque
1055 1615 1093 1651 et
1118 1613 1248 1651 innata
1275 1612 1415 1651 indoles
1445 1607 1594 1663 (φύσις)
1625 1615 1662 1650 et

184 1676 308 1730 cultus
337 1678 449 1726 atque
477 1676 716 1715 conformatio
745 1677 836 1722 eius,
865 1688 980 1726 quam
1019 1676 1171 1726 quidem
1198 1678 1344 1726 partem
1373 1688 1453 1716 esse
1481 1674 1549 1714 τοῦ
1577 1690 1662 1727 γιγ-

183 1738 345 1788 νομένου
370 1752 480 1778 nemo
508 1741 669 1788 negabit,
698 1752 770 1779 non
796 1741 900 1790 parvi
928 1741 1186 1779 aestimantur.
1243 1740 1369 1787 Quid?
1423 1740 1554 1779 Nonne
1583 1752 1665 1779 sex-

184 1803 323 1842 centies
352 1814 374 1841 a
401 1805 539 1842 natura
576 1805 614 1842 et
649 1804 796 1852 ingenio
832 1804 1013 1853 cuiusque
1050 1815 1201 1842 omnem
1228 1804 1386 1853 pendere
1414 1804 1663 1853 philosophiae

185 1866 299 1905 studii
335 1866 500 1906 fructum
534 1866 794 1916 significatur?
855 1867 1022 1915 Quorum
1064 1867 1215 1917 quidem
1255 1869 1362 1906 tanta
1404 1869 1462 1906 est
1496 1868 1662 1906 locorum

184 1930 288 1979 copia
315 1932 359 1968 ut
376 1930 530 1979 longum
552 1931 601 1968 sit
619 1942 747 1969 omnes
767 1932 1032 1980 enumerare&
1088 1930 1222 1968 Nonne
1242 1930 1295 1967 VI
1314 1931 1391 1968 490
1411 1930 1441 1967 Ε
1463 1952 1512 1959 -
1533 1931 1610 1968 495
1630 1932 1663 1967 A

185 1994 230 2033 de
258 1995 466 2044 corruptela
493 1995 633 2044 ingenii
661 1994 708 2033 ad
735 1994 1072 2045 philosophandum
1091 1994 1169 2044 apti
1197 1994 1360 2033 dieitur?
1414 1994 1458 2033 In
1487 2006 1563 2043 qua
1588 1994 1664 2033 dis-

183 2058 374 2106 putatione
414 2058 599 2107 imprimis
637 2059 684 2096 ad
723 2061 891 2096 nostram
929 2058 1153 2096 sententiam
1187 2058 1320 2096 idonea
1356 2060 1414 2096 est
1455 2059 1663 2096 clarissima

183 2121 344 2160 hominis
372 2133 459 2160 cum
486 2121 615 2171 planta
643 2122 880 2172 comparatio.
951 2121 1089 2160 Locum
1117 2121 1208 2171 quin
1237 2121 1448 2160 adscribam
1477 2121 1663 2159 abstinere

294 2281 317 2321 ¹)
341 2280 389 2312 cf.
413 2280 445 2313 d.
468 2280 511 2321 pl.
535 2280 579 2312 St.
605 2290 634 2321 p.
660 2281 738 2313 144:
776 2275 831 2311 ‘Es
854 2280 960 2311 wiirde
988 2279 1068 2311 doch
1099 2280 1167 2312 eine
1195 2280 1345 2312 seltsame
1374 2280 1500 2312 Allianz
1529 2279 1661 2319 werden,

186 2343 273 2364 wenn
297 2334 363 2365 sich
387 2333 442 2365 der
465 2330 570 2373 θυμὸς
593 2333 652 2365 auf
670 2333 720 2365 die
743 2333 827 2365 Seite
856 2333 910 2365 der
933 2333 1071 2364 Flachen
1094 2333 1159 2364 und
1182 2333 1394 2374 intelligiblen
1419 2332 1511 2364 Ideen
1536 2328 1663 2364 stellte.'

294 2397 319 2438 ²)
343 2396 391 2429 Cf.
420 2397 577 2438 imprimis
602 2397 644 2429 VI
670 2398 732 2430 485
749 2398 791 2429 A:
836 2393 898 2436 τὴν
927 2394 1026 2439 φύσιν
1060 2392 1168 2427 αὐτῶν
1197 2396 1331 2438 πρῶτον
1363 2395 1414 2428 δεῖ
1445 2396 1662 2436 κατηλιιαθεῒν,

185 2451 249 2484 486
265 2451 302 2483 Α.
326 2452 389 2484 490
406 2451 432 2482 Β
448 2450 474 2483 C
490 2451 526 2484 E.
557 2451 616 2483 491
636 2451 675 2483 D.
699 2451 762 2483 492
779 2451 816 2483 Β.
847 2451 910 2483 494
927 2450 963 2482 Β.
987 2450 1051 2482 VII
1076 2452 1139 2483 514
1153 2451 1190 2481 A.
1222 2451 1284 2482 519
1301 2450 1326 2481 A
1345 2450 1381 2482 C.
1412 2450 1474 2482 520
1486 2449 1521 2482 Β.
1551 2451 1613 2482 526
1630 2449 1664 2482 O.

185 2503 286 2536 5380
322 2505 384 2536 540
401 2504 437 2535 B.

1411 2555 1463 2591 3*
