1786 2742
859 62 910 99 22

138 200 254 239 quam
292 188 381 228 dicit
419 190 488 228 hoc
526 189 688 228 maxime
725 190 898 229 secutum
935 202 1016 230 esse
1051 192 1096 230 ut
1131 191 1248 230 animi
1282 191 1437 230 humani
1469 191 1546 230 vim
1584 193 1622 231 et

137 256 315 291 naturam
334 255 603 302 pervestigaret
631 256 744 302 atque
773 266 817 292 ex
843 266 889 292 ea
917 255 1114 292 civitatum
1142 256 1305 293 rationes
1332 256 1558 304 patefaceret
1586 258 1623 294 et

137 317 354 355 illustraret.
401 318 587 367 Apparere
606 317 644 356 id
671 317 724 356 ait
747 328 790 356 ex
809 317 927 368 ipsius
957 317 1078 356 verbis
1099 317 1167 368 (IV
1189 318 1266 357 435
1287 318 1329 357 E.
1349 318 1441 357 VIII
1461 319 1538 357 544
1558 318 1620 369 D).

139 382 213 419 Sed
242 393 330 419 cum
350 382 508 420 virtutes
537 383 617 420 sine
645 384 842 420 hominum
871 384 1092 420 commercio
1120 385 1159 420 et
1186 384 1453 421 consuetudine
1470 395 1620 433 prorsus
1664 421 1668 424 ,

137 445 262 483 nullae
291 445 367 483 sint
402 457 521 495 neque
549 445 665 495 possit
702 445 748 484 de
784 446 838 484 eis
876 445 1084 495 quidquam
1113 446 1190 484 sola
1226 446 1343 484 animi
1380 447 1620 496 inquisitione

137 510 310 559 cognosci
343 513 454 559 atque
492 511 691 560 explorari,
728 511 923 550 invertisse
958 511 1218 560 philosophum
1251 512 1464 550 naturalem
1492 524 1619 550 rerum

138 575 273 613 seriem
300 576 338 613 et
365 574 549 624 perfectae
579 574 740 613 civitatis
770 575 930 625 speciem
959 574 1061 625 prius
1090 574 1287 614 effinxisse.
1344 575 1388 614 In
1416 586 1492 625 qua
1519 577 1621 626 post-

137 650 253 688 quam
281 641 357 677 tres
384 640 617 689 principum,
645 640 828 684 militum,
857 639 1032 689 opificum
1060 640 1205 678 ordines
1234 651 1278 678 ex
1306 639 1453 678 diversa
1481 641 1619 678 civium

136 703 260 741 indole
299 703 552 748 constituerit,
587 704 771 742 translata
812 703 884 741 hac
925 703 964 741 in
1007 703 1170 752 singulos
1212 703 1379 742 homines
1421 704 1620 753 partitione

137 767 281 805 factum
323 779 404 806 esse
442 770 485 806 ut
526 768 675 806 animus
719 780 864 816 quoque
900 768 939 805 in
977 770 1053 806 tres
1097 770 1239 817 partes,
1276 768 1477 813 rationem,
1512 769 1619 814 iram,

137 831 398 880 cupiditatem,
435 831 671 870 divideretur.
727 831 831 870 Haec
858 831 975 880 igitur
1002 831 1090 870 talis
1126 831 1241 870 animi
1270 831 1459 882 discriptio
1489 843 1621 882 quam-

137 908 253 946 quam
282 908 305 935 a
333 896 496 935 civitatis
526 896 768 935 similitudine
797 897 911 935 ducta
939 898 1007 942 est,
1037 898 1164 936 tamen
1193 897 1281 935 hinc
1308 897 1468 936 invicem
1492 909 1618 936 rerum

136 961 303 998 civilium
331 961 537 1010 explicatur
563 962 720 1006 natura,
759 972 875 1010 quam
903 961 1004 998 viam
1038 961 1321 1010 philosophandi
1355 962 1454 999 recte
1482 962 1620 1010 impro-

136 1025 267 1063 batam
304 1036 385 1063 esse
423 1036 445 1063 a
478 1024 647 1063 Krohnio
676 1025 734 1063 vix
772 1025 976 1073 negaveris.
1033 1024 1132 1063 Ordo
1168 1025 1283 1073 igitur
1319 1024 1559 1074 disputationi
1588 1026 1620 1063 is

136 1089 334 1127 adhibetur
360 1091 403 1126 ut
439 1100 483 1127 ex
520 1089 680 1126 civitatis
716 1089 835 1127 forma
875 1089 993 1126 animi
1021 1089 1133 1133 ratio,
1172 1100 1216 1126 ex
1251 1089 1322 1126 hac
1355 1089 1514 1127 invicem
1551 1089 1622 1127 rei-

134 1153 305 1203 publicae
348 1152 589 1191 conformatio
630 1152 829 1202 aperiatur.
886 1152 992 1200 Quod
1033 1153 1088 1190 ita
1130 1164 1211 1191 esse
1252 1152 1421 1191 homines
1458 1152 1621 1191 eruditos

135 1219 247 1256 antea
281 1216 418 1255 idcirco
459 1217 654 1267 praeteriit
689 1217 779 1266 quia
814 1217 922 1255 Plato
965 1217 1136 1255 animum
1174 1218 1212 1255 et
1248 1217 1457 1262 civitatem,
1492 1218 1621 1266 utpote

134 1281 395 1330 magnitudine
434 1283 471 1319 et
508 1281 616 1330 quasi
657 1281 856 1329 gradibus,
899 1293 973 1319 non
1010 1292 1145 1329 genere
1184 1282 1282 1319 inter
1318 1292 1357 1319 se
1399 1280 1619 1326 differentes,

137 1345 260 1393 magis
288 1345 385 1383 inter
413 1356 453 1383 se
481 1355 698 1394 comparare
727 1356 842 1393 quam
870 1345 968 1383 hanc
1000 1356 1044 1383 ex
1078 1344 1181 1383 illius
1219 1346 1355 1382 natura
1383 1344 1530 1383 videtur
1565 1356 1626 1383 ex-

136 1410 273 1459 plicare
302 1409 363 1458 (cf.
393 1409 432 1446 II
460 1409 537 1447 368
566 1409 601 1446 Ι)
619 1409 661 1447 Ε.
691 1408 744 1447 IV
773 1409 851 1447 434
882 1408 938 1458 O).

245 1472 319 1511 Sed
356 1473 454 1511 locos
492 1484 515 1511 a
550 1473 717 1511 Krohnio
753 1473 845 1511 scite
881 1484 971 1512 sane
1005 1473 1152 1511 notatos
1190 1472 1223 1511 si
1258 1473 1471 1511 accuratius
1507 1473 1626 1511 consi-

137 1538 364 1583 deravimus,
392 1549 439 1576 ne
468 1538 653 1586 reliquam
692 1537 844 1586 quidem
873 1538 1079 1575 orationem
1113 1549 1200 1575 cum
1239 1537 1292 1575 eis
1329 1549 1401 1575 non
1430 1538 1624 1586 aptissime

137 1602 330 1640 convenire
359 1601 562 1651 apparebit.
618 1601 769 1640 Etenim
797 1603 841 1639 ut
869 1602 955 1640 ante
986 1600 1054 1650 (IV
1082 1601 1159 1639 435
1188 1601 1235 1651 Ε)
1264 1600 1453 1639 Thracum
1480 1601 1623 1640 civitati

137 1666 365 1705 fortitudinis
403 1667 487 1704 laus
525 1666 675 1705 concedi
711 1668 906 1715 propterea
949 1666 1085 1704 dicitur
1122 1665 1221 1714 quod
1258 1666 1357 1704 cives
1395 1666 1474 1703 eius
1511 1666 1623 1704 fortes

138 1731 224 1775 sint,
252 1731 311 1768 vel
339 1730 568 1768 Phoenicum
599 1729 703 1777 genti
731 1729 889 1767 avaritia
924 1731 963 1767 et
998 1729 1158 1767 habendi
1194 1729 1305 1766 libido
1340 1729 1551 1778 exprobrari
1587 1731 1626 1767 et

137 1793 423 1832 Atheniensium
459 1793 601 1831 civitati
629 1793 797 1832 veritatis
831 1804 875 1831 ac
911 1793 1087 1831 scientiae
1124 1792 1292 1830 studium
1325 1792 1506 1830 vindicari
1542 1792 1623 1831 ideo

138 1858 227 1907 quia
255 1858 397 1896 civibus
426 1858 545 1896 altera
573 1857 790 1895 divitiarum
818 1857 955 1903 avidis,
992 1857 1111 1895 altera
1139 1856 1307 1895 discendi
1335 1856 1479 1906 cupidis
1508 1843 1623 1895 conti-

137 1924 291 1968 neatur,
329 1922 383 1960 sic
419 1922 593 1960 absoluta
631 1932 675 1960 ac
716 1921 818 1960 iusta
855 1921 985 1959 civitas
1028 1932 1072 1959 ea
1108 1921 1317 1970 appellatur
1358 1931 1454 1970 quae
1491 1921 1623 1960 incolis

138 1988 294 2026 excellat
321 1986 369 2025 ad
397 1998 518 2025 unum
546 1986 732 2032 omnibus,
762 1987 948 2035 quantum
975 1997 1039 2035 pro
1069 1997 1135 2024 suo
1163 1985 1299 2034 cuique
1326 1985 1473 2034 ingenio
1501 1986 1623 2031 liceat,

138 2051 310 2102 perfectis
344 2062 389 2089 ac
423 2050 533 2089 iustis
563 2050 632 2100 (IV
674 2050 752 2088 443
797 2049 896 2100 ΟΡ).
962 2049 1091 2099 Neque
1134 2049 1243 2088 aliter
1284 2061 1343 2089 res
1373 2061 1412 2088 se
1441 2050 1554 2088 habet
1581 2050 1621 2088 in

137 2118 266 2155 octavo
295 2117 333 2154 et
359 2127 455 2154 nono
482 2115 586 2153 libro.
641 2114 715 2153 Hic
743 2126 889 2164 quoque
917 2114 1035 2153 oratio
1063 2115 1117 2152 ita
1144 2114 1330 2152 formatur
1356 2115 1401 2152 ut
1425 2114 1621 2153 civitatum

138 2191 234 2230 quae
270 2180 466 2228 finguntur
501 2178 703 2229 unicuique
738 2179 848 2217 homo
883 2179 1092 2228 opponatur
1129 2178 1352 2216 consimilis:
1391 2178 1622 2218 timocratiae

250 2306 273 2346 ¹)
297 2306 379 2339 Sane
399 2306 481 2338 illud
503 2301 560 2337 “co
582 2301 682 2337 αὑτοῦ
703 2303 880 2348 πράττειν’
908 2315 970 2337 11011
993 2307 1043 2337 est
1066 2305 1136 2346 ipsa
1167 2304 1307 2346 iustitia,
1338 2304 1392 2336 sed
1422 2304 1529 2347 imago
1551 2305 1623 2337 tan-

137 2364 207 2394 tum
231 2360 371 2393 virtutis.
415 2360 506 2400 Quod
529 2370 591 2392 non
616 2360 756 2392 multum
778 2359 883 2392 refert.
930 2359 1012 2391 Nam
1038 2359 1066 2390 si
1088 2368 1125 2391 ea
1147 2360 1274 2391 tantum
1298 2358 1384 2391 iusta
1406 2358 1519 2390 civitas
1541 2360 1625 2390 esset

137 2416 228 2447 cuius
258 2423 365 2446 omnes
394 2414 476 2445 cives
505 2413 677 2454 perfectam
711 2412 894 2444 exhiberent
921 2412 1096 2452 iustitiam,
1126 2412 1201 2444 talis
1235 2412 1368 2443 societas
1398 2411 1517 2452 civilis,
1552 2421 1622 2443 cum

136 2468 264 2501 iustitia
286 2468 506 2500 consummata
528 2477 547 2500 a
562 2476 636 2499 vera
651 2466 870 2508 philosophiae
893 2465 1027 2499 scientia
1042 2467 1203 2507 repetatur
1218 2475 1319 2507 neque
1335 2465 1399 2497 sint
1414 2465 1445 2497 in
1463 2464 1624 2506 republica

138 2523 200 2555 nisi
222 2521 372 2563 perpauci
394 2521 586 2562 philosophi,
609 2521 735 2553 omnino
758 2522 881 2552 exstare
903 2530 964 2552 non
987 2521 1101 2560 posset.
