1786 2742
840 62 887 97 17

228 190 370 229 Deinde
404 188 502 237 quod
540 186 730 224 Krohnius
765 180 812 222 τὸ
847 177 985 223 ἄδικον
1021 186 1111 223 dicit
1147 185 1200 222 IV
1233 186 1310 222 445
1347 184 1374 222 C
1403 184 1598 233 complecti

122 253 414 298 innumerabilia,
452 253 491 290 in
520 251 655 300 quibus
683 252 859 299 quattuor
883 250 1065 300 imprimis
1098 249 1257 299 insignia
1293 260 1441 298 genera,
1470 250 1599 298 postea

123 328 206 356 vero
244 318 292 368 (V
329 318 406 356 476
443 317 489 366 A)
527 326 647 352 unum
683 315 942 352 tantummodo
978 326 1095 363 genus
1134 308 1268 364 (εἶδος)
1299 314 1461 358 efficere,
1502 313 1600 361 fugit

123 382 244 421 virum
273 383 449 421 subtilem
484 380 598 419 etiam
634 380 744 429 paulo
781 382 869 418 ante
896 379 950 417 IV
977 380 1054 417 445
1085 377 1113 417 C
1143 378 1210 429 (IV
1239 379 1316 416 444
1345 379 1376 416 A
1397 378 1444 428 B)
1475 377 1600 416 Plato—

123 457 210 483 nem
245 447 289 484 de
317 445 502 483 iniustitia
537 446 580 481 ut
615 455 690 481 una
728 455 771 481 ac
809 444 969 492 simplici
997 445 1164 481 locutum
1200 455 1290 488 esse,
1320 446 1523 491 antequam
1552 442 1599 479 ad

126 512 303 558 quattuor
330 510 410 548 eius
438 507 577 546 formas
605 507 791 546 transiret.
857 507 901 545 Id
929 509 1056 546 autem
1085 518 1151 546 cur
1168 507 1281 545 faciat
1309 506 1399 544 satis
1428 506 1600 549 elucebit,

124 574 157 610 si
184 574 221 611 id
249 574 358 611 modo
386 572 743 610 consideraverimus
771 572 1047 620 improbitatem
1075 583 1149 609 non
1167 574 1210 609 ut
1228 571 1412 609 iustitiam
1440 571 1478 608 in
1498 572 1599 609 certa

125 637 249 687 aliqua
275 649 320 676 ac
347 636 534 675 constanti
562 635 773 674 condicione
802 635 919 674 animi
951 635 1063 673 sitam
1092 646 1189 680 esse,
1228 635 1308 680 sed,
1346 646 1433 672 cum
1468 635 1598 671 multis

124 702 243 739 modis
272 713 294 739 a
323 702 459 738 virtute
486 701 625 738 distare
653 700 770 751 possit
797 701 998 745 vitiositas,
1036 711 1214 748 magnam
1250 700 1329 737 eius
1364 711 1444 737 esse
1484 699 1600 736 varie—

125 766 255 803 tatem.
311 765 475 814 Apparet
502 763 617 812 igitur
637 763 782 801 Platoni
800 763 959 809 licuisse,
978 765 1091 813 prout
1109 763 1350 812 disputationi
1378 763 1601 805 conveniret,

125 830 169 868 de
197 830 342 868 iustitia
368 830 413 867 ut
448 840 523 867 una
557 840 601 867 ac
629 828 788 878 simplici
822 830 889 867 aut
915 828 1027 867 variis
1055 827 1182 867 formis
1211 838 1383 878 expressa
1411 838 1600 877 exponere.

237 904 402 940 Alteram
429 903 612 940 rationem
630 903 716 940 inde
735 903 924 940 Krohnius
952 903 1045 951 petit
1073 903 1171 951 quod
1199 903 1352 947 iustitia,
1381 914 1467 939 cum
1486 903 1601 939 trium

127 968 243 1005 animi
278 967 415 1004 virium
448 966 641 1005 concordia
677 968 933 1016 concentuque
968 967 1100 1005 mutuo
1142 966 1342 1012 efficiatur,
1378 977 1452 1004 non
1487 965 1603 1016 possit

128 1030 207 1067 eius
236 1031 283 1067 ab
312 1030 439 1067 animo
467 1030 630 1067 humano
651 1030 861 1067 seiunctum
890 1024 1153 1079 παράδειγμα,
1184 1030 1500 1078 quemadmodum
1527 1030 1603 1067 ide-

130 1105 239 1132 arum
267 1095 425 1132 naturae
453 1095 743 1133 consentaneum
772 1093 836 1139 sit,
873 1104 938 1143 per
975 1104 1013 1132 86
1042 1095 1184 1132 exstare
1215 1093 1264 1142 (d.
1293 1094 1343 1143 pl.
1371 1092 1429 1131 Fr.
1458 1104 1493 1143 p.
1526 1093 1602 1142 71).

129 1158 201 1195 Sed
229 1159 298 1195 1106
325 1160 475 1195 tantum
504 1159 610 1196 abest
647 1161 690 1195 ut
727 1170 926 1205 negemus,
964 1161 1007 1196 ut
1035 1159 1234 1196 cuiuslibet
1260 1158 1420 1203 virtutis,
1450 1169 1537 1196 cum
1564 1158 1604 1195 111

129 1232 197 1258 sua
235 1232 404 1270 quaeque
443 1221 557 1259 animi
592 1220 802 1259 condicione
845 1221 1024 1258 consistat
1057 1232 1178 1269 neque
1217 1232 1298 1258 esse
1333 1222 1482 1258 omnino
1525 1221 1603 1258 sine

128 1285 193 1322 illa
220 1285 346 1334 possit,
376 1285 536 1334 speciem
564 1285 669 1323 nobis
698 1285 989 1334 persuadeamus
1018 1287 1182 1334 oportere
1212 1296 1298 1323 cum
1333 1285 1449 1323 animi
1484 1285 1603 1334 specie

132 1348 403 1397 quodammodo
432 1360 512 1386 esse
542 1349 791 1386 coniunctam.
847 1348 947 1386 Nam
974 1349 1058 1386 illas
1087 1349 1239 1397 quidem
1267 1360 1363 1397 quae
1392 1349 1444 1386 VI
1474 1350 1550 1386 500
1571 1349 1604 1385 D

130 1415 471 1451 commemorantur
507 1413 711 1452 modestiae
748 1406 1027 1465 (σωφροσύνης)
1068 1414 1105 1452 et
1145 1412 1309 1451 iustitiae
1345 1412 1483 1451 formas
1518 1424 1607 1462 quo-

129 1477 238 1514 modo
275 1477 474 1525 quisquam
510 1477 610 1515 omni
645 1477 793 1515 animae
828 1477 1100 1516 necessitudine
1137 1478 1279 1515 solutas
1317 1477 1456 1526 fingere
1491 1478 1608 1526 possit

130 1541 236 1578 nobis
277 1540 429 1588 quidem
464 1541 618 1578 minime
654 1541 782 1588 liquet.
844 1540 922 1579 Nec
956 1540 1111 1578 Krohnii
1148 1541 1380 1589 argumentis
1416 1552 1463 1579 116
1492 1541 1608 1579 animi

132 1603 284 1652 quidem
319 1614 400 1642 esse
436 1603 560 1642 ideam
594 1603 849 1642 contendentis
885 1604 1050 1641 multum
1084 1604 1294 1642 tribuimus.
1358 1604 1465 1651 Quod
1507 1604 1608 1641 enim

122 1667 181 1716 ¹(d.
217 1667 264 1716 pl.
301 1666 354 1704 St.
391 1679 425 1715 p.
464 1667 557 1717 248)
597 1667 627 1704 si
664 1679 738 1715 qua
776 1667 899 1705 animo
929 1679 1075 1716 quoque
1103 1668 1311 1706 vindicetur
1340 1668 1491 1717 species,
1520 1679 1608 1705 cum

130 1733 206 1769 tres
243 1732 322 1769 61118
358 1731 560 1780 particulae
597 1731 634 1768 in
672 1732 847 1780 perpetuo
892 1733 1087 1770 versentur
1123 1733 1229 1769 motu
1243 1761 1251 1777 ,
1293 1732 1402 1770 illum
1442 1723 1609 1782 ἀόρατον

132 1788 268 1840 τόπον,
299 1795 397 1843 (111οᾱ
425 1797 482 1833 est
509 1795 678 1833 idearum
707 1795 816 1843 quasi
840 1795 1081 1841 domicilium,
1111 1796 1297 1834 continere
1316 1807 1441 1834 rerum
1469 1795 1607 1834 formas

132 1870 283 1897 11666886
312 1870 392 1897 6886
420 1859 575 1897 mobiles
604 1861 641 1897 et
675 1859 878 1897 concitatas
906 1859 1043 1909 dicit1),
1080 1859 1194 1897 nimio
1231 1859 1392 1908 quodam
1427 1860 1609 1909 probandi

134 1923 256 1960 studio
284 1924 460 1971 abreptus
489 1923 650 1970 neglexit
687 1934 730 1961 ex
757 1924 812 1960 rei
839 1924 996 1960 alicuius
1025 1935 1064 1961 se
1092 1924 1277 1961 moventis
1304 1926 1441 1961 natura
1468 1936 1541 1961 non
1569 1924 1608 1961 id

134 1996 215 2024 esse
244 1996 470 2034 consequens
499 1988 542 2023 ut
569 1985 651 2023 idea
687 1997 831 2034 quoque
868 1986 900 2023 61
935 1986 1140 2023 6011811111118
1178 1989 1215 2023 et
1250 1987 1330 2035 ipsa
1365 1987 1527 2034 agitetur
1568 1998 1611 2024 ac

133 2050 335 2086 moveatur.
400 2049 551 2087 Habent
587 2049 688 2087 enim
725 2050 794 2086 hoc
831 2050 900 2087 sibi
929 2049 1093 2087 Platonis
1126 2050 1211 2087 illae
1240 2049 1379 2087 formae
1408 2050 1609 2099 proprium,

134 2115 178 2149 ut
206 2123 331 2149 rerum
360 2111 527 2149 omnium
556 2123 797 2160 quaecunque
826 2114 924 2157 sunt,
953 2124 1046 2160 quas
1074 2113 1303 2150 continenter
1329 2114 1403 2150 labi
1433 2116 1470 2150 et
1496 2113 1610 2151 fluere

134 2177 290 2221 constat,
319 2176 522 2225 imaginem
550 2176 752 2226 praebeant
780 2178 1025 2222 constantem,
1053 2176 1339 2222 immutabilem,
1375 2177 1477 2215 omni
1505 2178 1610 2215 motu

134 2240 305 2277 solutam.
352 2239 482 2288 Neque
510 2240 611 2278 enim
638 2252 730 2289 opus
758 2242 855 2278 esset
885 2240 1046 2289 profecto
1072 2242 1179 2285 ideis,
1207 2242 1238 2278 81
1266 2241 1397 2278 eadem
1424 2242 1509 2279 illae
1536 2253 1610 2289 qua

245 2399 269 2437 ¹)
292 2397 341 2430 cf.
366 2397 396 2430 d.
421 2398 464 2438 pl.
489 2397 535 2429 St.
560 2408 588 2438 p.
613 2399 693 2430 248:
736 2393 851 2429 ‘YVcnn
886 2397 938 2428 die
972 2396 1153 2429 ldeenlehre
1187 2397 1366 2438 uberhaupt
1400 2399 1459 2429 mit
1497 2398 1610 2429 diesem

134 2450 217 2490 (dem
234 2451 456 2491 Musterstaat)
478 2451 766 2492 zusammenhinge,
791 2461 825 2483 so
842 2450 957 2482 miisste
973 2450 1029 2482 der
1051 2447 1166 2490 νοητὸς
1188 2449 1286 2484 τόπος
1309 2451 1614 2492 paradeigmatischc

136 2503 268 2535 Formen
293 2506 324 2536 in
347 2505 561 2545 lebendigster
583 2505 847 2537 Betriebsamkeit
870 2501 1110 2545 behorbergen’:

1395 2561 1417 2595 2
