<?xml version="1.0" encoding="UTF-8"?>
<!DOCTYPE html PUBLIC "-//W3C//DTD XHTML 1.0 Transitional//EN"
    "http://www.w3.org/TR/xhtml1/DTD/xhtml1-transitional.dtd">
<html xmlns="http://www.w3.org/1999/xhtml" xml:lang="en" lang="en">
 <head>
  <title>
</title>
<meta http-equiv="Content-Type" content="text/html;charset=utf-8" />
  <meta name='ocr-system' content='tesseract 3.04.00' />
  <meta name='ocr-capabilities' content='ocr_page ocr_carea ocr_par ocr_line ocrx_word'/>
</head>
<body>
  <div class='ocr_page' id='page_1' title='image "4738095_0054.png"; bbox 0 0 1786 2742; ppageno 0'>
   <div class='ocr_carea' id='block_1_1' title="bbox 802 31 852 66">
    <p class='ocr_par' dir='ltr' id='par_1_1' title="bbox 802 31 852 66">
     <span class='ocr_line' id='line_1_1' title="bbox 802 31 852 66; baseline 0 0"><span class='ocrx_word' id='word_1_1' title='bbox 802 31 852 66; x_wconf 89' lang='lat'>38</span> 
     </span>
    </p>
   </div>
   <div class='ocr_carea' id='block_1_2' title="bbox 703 84 959 87">
    <p class='ocr_par' dir='ltr' id='par_1_2' title="bbox 703 84 959 87">
     <span class='ocr_line' id='line_1_2' title="bbox 703 84 959 87; baseline 0 0"><span class='ocrx_word' id='word_1_2' title='bbox 703 84 959 87; x_wconf 95' lang='lat' dir='ltr'> </span> 
     </span>
    </p>
   </div>
   <div class='ocr_carea' id='block_1_3' title="bbox 86 157 1577 1168">
    <p class='ocr_par' dir='ltr' id='par_1_3' title="bbox 86 157 1575 325">
     <span class='ocr_line' id='line_1_3' title="bbox 86 157 1575 208; baseline 0.001 -13"><span class='ocrx_word' id='word_1_3' title='bbox 86 157 367 207; x_wconf 79' lang='lat' dir='ltr'>explicationem</span> <span class='ocrx_word' id='word_1_4' title='bbox 405 169 427 195; x_wconf 94' lang='lat' dir='ltr'>a</span> <span class='ocrx_word' id='word_1_5' title='bbox 463 157 618 196; x_wconf 88' lang='lat' dir='ltr'>Platone</span> <span class='ocrx_word' id='word_1_6' title='bbox 655 158 693 196; x_wconf 91' lang='lat' dir='ltr'>in</span> <span class='ocrx_word' id='word_1_7' title='bbox 729 158 933 208; x_wconf 88' lang='lat' dir='ltr'>Republica</span> <span class='ocrx_word' id='word_1_8' title='bbox 967 157 1221 197; x_wconf 76' lang='lat' dir='ltr'><strong>desideratam</strong></span> <span class='ocrx_word' id='word_1_9' title='bbox 1257 157 1421 203; x_wconf 85' lang='lat' dir='ltr'>exhibet,</span> <span class='ocrx_word' id='word_1_10' title='bbox 1458 157 1575 207; x_wconf 91' lang='lat' dir='ltr'>philo-</span> 
     </span>
     <span class='ocr_line' id='line_1_4' title="bbox 88 222 1574 272; baseline 0 -12"><span class='ocrx_word' id='word_1_11' title='bbox 88 223 227 271; x_wconf 88' lang='lat' dir='ltr'>sophus</span> <span class='ocrx_word' id='word_1_12' title='bbox 262 233 337 260; x_wconf 92' lang='lat' dir='ltr'>non</span> <span class='ocrx_word' id='word_1_13' title='bbox 371 222 577 261; x_wconf 88' lang='lat' dir='ltr'>disserendi</span> <span class='ocrx_word' id='word_1_14' title='bbox 616 223 758 261; x_wconf 89' lang='lat' dir='ltr'>ratione</span> <span class='ocrx_word' id='word_1_15' title='bbox 786 223 918 267; x_wconf 89' lang='lat' dir='ltr'>utitur,</span> <span class='ocrx_word' id='word_1_16' title='bbox 957 222 1021 262; x_wconf 87' lang='lat' dir='ltr'>sed</span> <span class='ocrx_word' id='word_1_17' title='bbox 1050 222 1249 261; x_wconf 89' lang='lat' dir='ltr'>enarrandi</span> <span class='ocrx_word' id='word_1_18' title='bbox 1276 234 1395 272; x_wconf 85' lang='lat' dir='ltr'>genus</span> <span class='ocrx_word' id='word_1_19' title='bbox 1424 222 1574 261; x_wconf 87' lang='lat' dir='ltr'>fabulae</span> 
     </span>
     <span class='ocr_line' id='line_1_5' title="bbox 87 286 402 325; baseline -0.003 0"><span class='ocrx_word' id='word_1_20' title='bbox 87 286 209 325; x_wconf 91' lang='lat' dir='ltr'>simile</span> <span class='ocrx_word' id='word_1_21' title='bbox 238 286 402 325; x_wconf 76' lang='lat' dir='ltr'>adhibet.</span> 
     </span>
    </p>

    <p class='ocr_par' dir='ltr' id='par_1_4' title="bbox 86 350 1577 1168">
     <span class='ocr_line' id='line_1_6' title="bbox 196 350 1575 401; baseline 0.001 -13"><span class='ocrx_word' id='word_1_22' title='bbox 196 350 270 389; x_wconf 88' lang='lat' dir='ltr'>Sed</span> <span class='ocrx_word' id='word_1_23' title='bbox 307 362 355 389; x_wconf 89' lang='lat' dir='ltr'>ne</span> <span class='ocrx_word' id='word_1_24' title='bbox 392 351 432 388; x_wconf 91' lang='lat' dir='ltr'>in</span> <span class='ocrx_word' id='word_1_25' title='bbox 468 362 508 389; x_wconf 89' lang='lat' dir='ltr'>re</span> <span class='ocrx_word' id='word_1_26' title='bbox 542 352 634 390; x_wconf 88' lang='lat' dir='ltr'>satis</span> <span class='ocrx_word' id='word_1_27' title='bbox 672 353 761 390; x_wconf 89' lang='lat' dir='ltr'>nota</span> <span class='ocrx_word' id='word_1_28' title='bbox 791 352 899 390; x_wconf 89' lang='lat' dir='ltr'>multi</span> <span class='ocrx_word' id='word_1_29' title='bbox 929 352 1059 397; x_wconf 84' lang='lat' dir='ltr'>simus,</span> <span class='ocrx_word' id='word_1_30' title='bbox 1098 351 1243 390; x_wconf 88' lang='lat' dir='ltr'>videtur</span> <span class='ocrx_word' id='word_1_31' title='bbox 1277 351 1354 390; x_wconf 84' lang='lat' dir='ltr'>iam</span> <span class='ocrx_word' id='word_1_32' title='bbox 1382 363 1447 401; x_wconf 89' lang='lat' dir='ltr'>pro</span> <span class='ocrx_word' id='word_1_33' title='bbox 1475 353 1575 390; x_wconf 88' lang='lat' dir='ltr'>certo</span> 
     </span>
     <span class='ocr_line' id='line_1_7' title="bbox 87 412 1575 466; baseline -0.001 -12"><span class='ocrx_word' id='word_1_34' title='bbox 87 427 168 454; x_wconf 89' lang='lat' dir='ltr'>esse</span> <span class='ocrx_word' id='word_1_35' title='bbox 219 415 453 464; x_wconf 88' lang='lat' dir='ltr'>exploratum</span> <span class='ocrx_word' id='word_1_36' title='bbox 501 415 663 460; x_wconf 89' lang='lat' dir='ltr'>Platoni,</span> <span class='ocrx_word' id='word_1_37' title='bbox 714 427 802 453; x_wconf 91' lang='lat' dir='ltr'>cum</span> <span class='ocrx_word' id='word_1_38' title='bbox 843 413 1088 466; x_wconf 78' lang='grc' dir='ltr'><strong><em>μακροτέραν</em></strong></span> <span class='ocrx_word' id='word_1_39' title='bbox 1134 412 1320 466; x_wconf 84' lang='grc' dir='ltr'><em>περίοδον</em></span> <span class='ocrx_word' id='word_1_40' title='bbox 1361 426 1452 465; x_wconf 88' lang='lat' dir='ltr'>opus</span> <span class='ocrx_word' id='word_1_41' title='bbox 1494 426 1575 453; x_wconf 90' lang='lat' dir='ltr'>esse</span> 
     </span>
     <span class='ocr_line' id='line_1_8' title="bbox 87 479 1576 528; baseline 0.001 -12"><span class='ocrx_word' id='word_1_42' title='bbox 87 479 235 523; x_wconf 86' lang='lat' dir='ltr'>diceret,</span> <span class='ocrx_word' id='word_1_43' title='bbox 273 479 342 516; x_wconf 91' lang='lat' dir='ltr'>hoc</span> <span class='ocrx_word' id='word_1_44' title='bbox 370 479 532 517; x_wconf 82' lang='lat' dir='ltr'>maxime</span> <span class='ocrx_word' id='word_1_45' title='bbox 568 479 798 528; x_wconf 89' lang='lat' dir='ltr'>propositum</span> <span class='ocrx_word' id='word_1_46' title='bbox 826 479 941 517; x_wconf 87' lang='lat' dir='ltr'>fuisse</span> <span class='ocrx_word' id='word_1_47' title='bbox 969 481 1012 517; x_wconf 91' lang='lat' dir='ltr'>ut</span> <span class='ocrx_word' id='word_1_48' title='bbox 1040 479 1156 517; x_wconf 87' lang='lat' dir='ltr'>animi</span> <span class='ocrx_word' id='word_1_49' title='bbox 1185 480 1343 517; x_wconf 89' lang='lat' dir='ltr'>humani</span> <span class='ocrx_word' id='word_1_50' title='bbox 1372 481 1508 517; x_wconf 88' lang='lat' dir='ltr'>nat-ura</span> <span class='ocrx_word' id='word_1_51' title='bbox 1538 482 1576 517; x_wconf 94' lang='lat' dir='ltr'>et</span> 
     </span>
     <span class='ocr_line' id='line_1_9' title="bbox 87 542 1572 592; baseline 0.001 -12"><span class='ocrx_word' id='word_1_52' title='bbox 87 543 182 580; x_wconf 90' lang='lat' dir='ltr'>ratio</span> <span class='ocrx_word' id='word_1_53' title='bbox 218 554 261 580; x_wconf 87' lang='lat' dir='ltr'>ex</span> <span class='ocrx_word' id='word_1_54' title='bbox 300 542 440 581; x_wconf 91' lang='lat' dir='ltr'>summi</span> <span class='ocrx_word' id='word_1_55' title='bbox 477 542 562 580; x_wconf 90' lang='lat' dir='ltr'>boni</span> <span class='ocrx_word' id='word_1_56' title='bbox 590 542 709 592; x_wconf 90' lang='lat' dir='ltr'>specie</span> <span class='ocrx_word' id='word_1_57' title='bbox 737 543 991 592; x_wconf 75' lang='lat' dir='ltr'>explicaretur.</span> <span class='ocrx_word' id='word_1_58' title='bbox 1055 542 1151 581; x_wconf 92' lang='lat' dir='ltr'>Boni</span> <span class='ocrx_word' id='word_1_59' title='bbox 1178 545 1306 581; x_wconf 91' lang='lat' dir='ltr'>autem</span> <span class='ocrx_word' id='word_1_60' title='bbox 1333 543 1456 581; x_wconf 90' lang='lat' dir='ltr'>ideam</span> <span class='ocrx_word' id='word_1_61' title='bbox 1484 554 1572 581; x_wconf 89' lang='lat' dir='ltr'>cum</span> 
     </span>
     <span class='ocr_line' id='line_1_10' title="bbox 88 607 1575 656; baseline 0.001 -12"><span class='ocrx_word' id='word_1_62' title='bbox 88 607 166 644; x_wconf 89' lang='lat' dir='ltr'>sine</span> <span class='ocrx_word' id='word_1_63' title='bbox 196 607 396 655; x_wconf 89' lang='lat' dir='ltr'>longinqua</span> <span class='ocrx_word' id='word_1_64' title='bbox 424 618 489 656; x_wconf 90' lang='lat' dir='ltr'>per</span> <span class='ocrx_word' id='word_1_65' title='bbox 516 607 827 645; x_wconf 75' lang='lat' dir='ltr'>mathematicam</span> <span class='ocrx_word' id='word_1_66' title='bbox 856 618 900 645; x_wconf 88' lang='lat' dir='ltr'>ac</span> <span class='ocrx_word' id='word_1_67' title='bbox 928 607 1163 645; x_wconf 84' lang='lat' dir='ltr'>dialecticam</span> <span class='ocrx_word' id='word_1_68' title='bbox 1191 607 1251 645; x_wconf 89' lang='lat' dir='ltr'>via</span> <span class='ocrx_word' id='word_1_69' title='bbox 1274 618 1381 656; x_wconf 89' lang='lat' dir='ltr'>posse</span> <span class='ocrx_word' id='word_1_70' title='bbox 1402 608 1575 655; x_wconf 88' lang='lat' dir='ltr'>cognosci</span> 
     </span>
     <span class='ocr_line' id='line_1_11' title="bbox 87 670 1575 720; baseline 0 -11"><span class='ocrx_word' id='word_1_71' title='bbox 87 672 215 720; x_wconf 87' lang='lat' dir='ltr'>neget,</span> <span class='ocrx_word' id='word_1_72' title='bbox 257 682 349 720; x_wconf 90' lang='lat' dir='ltr'>opus</span> <span class='ocrx_word' id='word_1_73' title='bbox 387 672 445 709; x_wconf 91' lang='lat' dir='ltr'>est</span> <span class='ocrx_word' id='word_1_74' title='bbox 481 681 571 709; x_wconf 87' lang='lat' dir='ltr'>sane</span> <span class='ocrx_word' id='word_1_75' title='bbox 605 670 891 719; x_wconf 88' lang='lat' dir='ltr'>diligentissima</span> <span class='ocrx_word' id='word_1_76' title='bbox 933 670 981 709; x_wconf 91' lang='lat' dir='ltr'>ad</span> <span class='ocrx_word' id='word_1_77' title='bbox 1017 671 1287 720; x_wconf 86' lang='lat' dir='ltr'>philosophiam</span> <span class='ocrx_word' id='word_1_78' title='bbox 1329 671 1575 717; x_wconf 91' lang='lat' dir='ltr'>institutione,</span> 
     </span>
     <span class='ocr_line' id='line_1_12' title="bbox 88 735 1573 784; baseline 0 -11"><span class='ocrx_word' id='word_1_79' title='bbox 88 736 209 784; x_wconf 89' lang='lat' dir='ltr'>qualis</span> <span class='ocrx_word' id='word_1_80' title='bbox 246 736 286 773; x_wconf 92' lang='lat' dir='ltr'>in</span> <span class='ocrx_word' id='word_1_81' title='bbox 323 737 426 773; x_wconf 88' lang='lat' dir='ltr'>sexto</span> <span class='ocrx_word' id='word_1_82' title='bbox 461 738 498 773; x_wconf 90' lang='lat' dir='ltr'>et</span> <span class='ocrx_word' id='word_1_83' title='bbox 536 735 693 783; x_wconf 88' lang='lat' dir='ltr'>septimo</span> <span class='ocrx_word' id='word_1_84' title='bbox 721 735 821 773; x_wconf 89' lang='lat' dir='ltr'>libro·</span> <span class='ocrx_word' id='word_1_85' title='bbox 842 737 929 773; x_wconf 90' lang='lat' dir='ltr'>ante</span> <span class='ocrx_word' id='word_1_86' title='bbox 957 736 1082 784; x_wconf 82' lang='lat' dir='ltr'>oculos</span> <span class='ocrx_word' id='word_1_87' title='bbox 1110 735 1266 783; x_wconf 91' lang='lat' dir='ltr'>ponitur.</span> <span class='ocrx_word' id='word_1_88' title='bbox 1334 735 1573 784; x_wconf 84' lang='lat' dir='ltr'>Quamquam</span> 
     </span>
     <span class='ocr_line' id='line_1_13' title="bbox 88 798 1575 850; baseline 0.001 -14"><span class='ocrx_word' id='word_1_89' title='bbox 88 810 172 837; x_wconf 89' lang='lat' dir='ltr'>vero</span> <span class='ocrx_word' id='word_1_90' title='bbox 214 799 246 836; x_wconf 90' lang='lat' dir='ltr'>is</span> <span class='ocrx_word' id='word_1_91' title='bbox 281 799 346 848; x_wconf 89' lang='lat' dir='ltr'>qui</span> <span class='ocrx_word' id='word_1_92' title='bbox 387 799 517 848; x_wconf 92' lang='lat' dir='ltr'>optimi</span> <span class='ocrx_word' id='word_1_93' title='bbox 557 798 718 847; x_wconf 87' lang='lat' dir='ltr'>speciem</span> <span class='ocrx_word' id='word_1_94' title='bbox 755 798 1062 848; x_wconf 85' lang='lat' dir='ltr'>comprehendere</span> <span class='ocrx_word' id='word_1_95' title='bbox 1106 810 1264 848; x_wconf 87' lang='lat' dir='ltr'>eamque</span> <span class='ocrx_word' id='word_1_96' title='bbox 1300 799 1575 850; x_wconf 84' lang='lat' dir='ltr'>contemplatus</span> 
     </span>
     <span class='ocr_line' id='line_1_14' title="bbox 87 863 1575 912; baseline 0 -11"><span class='ocrx_word' id='word_1_97' title='bbox 87 863 205 901; x_wconf 85' lang='lat' dir='ltr'>animi</span> <span class='ocrx_word' id='word_1_98' title='bbox 225 864 306 902; x_wconf 86' lang='lat' dir='ltr'>vult</span> <span class='ocrx_word' id='word_1_99' title='bbox 333 864 512 901; x_wconf 88' lang='lat' dir='ltr'>naturam</span> <span class='ocrx_word' id='word_1_100' title='bbox 532 874 748 912; x_wconf 85' lang='lat' dir='ltr'>pernoscere</span> <span class='ocrx_word' id='word_1_101' title='bbox 767 865 812 900; x_wconf 92' lang='lat' dir='ltr'>ut</span> <span class='ocrx_word' id='word_1_102' title='bbox 837 863 1053 901; x_wconf 86' lang='lat' dir='ltr'>dialecticae</span> <span class='ocrx_word' id='word_1_103' title='bbox 1080 863 1232 901; x_wconf 89' lang='lat' dir='ltr'>rationis</span> <span class='ocrx_word' id='word_1_104' title='bbox 1259 863 1309 901; x_wconf 92' lang='lat' dir='ltr'>sit</span> <span class='ocrx_word' id='word_1_105' title='bbox 1327 863 1575 912; x_wconf 86' lang='lat' dir='ltr'>peritissimus</span> 
     </span>
     <span class='ocr_line' id='line_1_15' title="bbox 88 926 1576 975; baseline 0 -11"><span class='ocrx_word' id='word_1_106' title='bbox 88 938 242 965; x_wconf 88' lang='lat' dir='ltr'>necesse</span> <span class='ocrx_word' id='word_1_107' title='bbox 271 928 339 971; x_wconf 88' lang='lat' dir='ltr'>est,</span> <span class='ocrx_word' id='word_1_108' title='bbox 370 928 497 964; x_wconf 88' lang='lat' dir='ltr'>tamen</span> <span class='ocrx_word' id='word_1_109' title='bbox 525 927 606 975; x_wconf 88' lang='lat' dir='ltr'>ipsa</span> <span class='ocrx_word' id='word_1_110' title='bbox 635 926 690 964; x_wconf 88' lang='lat' dir='ltr'>vis</span> <span class='ocrx_word' id='word_1_111' title='bbox 720 926 838 964; x_wconf 88' lang='lat' dir='ltr'>animi</span> <span class='ocrx_word' id='word_1_112' title='bbox 866 928 979 975; x_wconf 89' lang='lat' dir='ltr'>atque</span> <span class='ocrx_word' id='word_1_113' title='bbox 1007 927 1120 975; x_wconf 91' lang='lat' dir='ltr'>origo,</span> <span class='ocrx_word' id='word_1_114' title='bbox 1150 938 1237 964; x_wconf 90' lang='lat' dir='ltr'>cum</span> <span class='ocrx_word' id='word_1_115' title='bbox 1266 927 1407 975; x_wconf 86' lang='lat' dir='ltr'>corpori</span> <span class='ocrx_word' id='word_1_116' title='bbox 1435 927 1576 964; x_wconf 88' lang='lat' dir='ltr'>mixtus</span> 
     </span>
     <span class='ocr_line' id='line_1_16' title="bbox 88 990 1577 1039; baseline 0 -10"><span class='ocrx_word' id='word_1_117' title='bbox 88 992 135 1029; x_wconf 89' lang='lat' dir='ltr'>ab</span> <span class='ocrx_word' id='word_1_118' title='bbox 173 991 345 1029; x_wconf 88' lang='lat' dir='ltr'>idearum</span> <span class='ocrx_word' id='word_1_119' title='bbox 386 991 531 1029; x_wconf 88' lang='lat' dir='ltr'>unitate</span> <span class='ocrx_word' id='word_1_120' title='bbox 567 1002 612 1028; x_wconf 89' lang='lat' dir='ltr'>ac</span> <span class='ocrx_word' id='word_1_121' title='bbox 656 990 894 1039; x_wconf 89' lang='lat' dir='ltr'>simplicitate</span> <span class='ocrx_word' id='word_1_122' title='bbox 931 990 1143 1035; x_wconf 85' lang='lat' dir='ltr'>desciverit,</span> <span class='ocrx_word' id='word_1_123' title='bbox 1191 992 1341 1029; x_wconf 90' lang='lat' dir='ltr'>tantum</span> <span class='ocrx_word' id='word_1_124' title='bbox 1386 991 1492 1029; x_wconf 91' lang='lat' dir='ltr'>abest</span> <span class='ocrx_word' id='word_1_125' title='bbox 1533 992 1577 1029; x_wconf 92' lang='lat' dir='ltr'>ut</span> 
     </span>
     <span class='ocr_line' id='line_1_17' title="bbox 88 1053 1577 1103; baseline -0.001 -11"><span class='ocrx_word' id='word_1_126' title='bbox 88 1053 293 1093; x_wconf 86' lang='lat' dir='ltr'>disserendi</span> <span class='ocrx_word' id='word_1_127' title='bbox 331 1054 538 1092; x_wconf 88' lang='lat' dir='ltr'>subtilitate</span> <span class='ocrx_word' id='word_1_128' title='bbox 574 1056 788 1103; x_wconf 80' lang='lat' dir='ltr'>exponatur,</span> <span class='ocrx_word' id='word_1_129' title='bbox 825 1055 868 1091; x_wconf 92' lang='lat' dir='ltr'>ut</span> <span class='ocrx_word' id='word_1_130' title='bbox 903 1065 975 1091; x_wconf 91' lang='lat' dir='ltr'>non</span> <span class='ocrx_word' id='word_1_131' title='bbox 1013 1054 1130 1103; x_wconf 89' lang='lat' dir='ltr'>possit</span> <span class='ocrx_word' id='word_1_132' title='bbox 1166 1054 1237 1092; x_wconf 87' lang='lat' dir='ltr'>nisi</span> <span class='ocrx_word' id='word_1_133' title='bbox 1267 1053 1417 1093; x_wconf 86' lang='lat' dir='ltr'>fabulae</span> <span class='ocrx_word' id='word_1_134' title='bbox 1446 1053 1577 1092; x_wconf 89' lang='lat' dir='ltr'>simili-</span> 
     </span>
     <span class='ocr_line' id='line_1_18' title="bbox 86 1119 446 1168; baseline -0.003 -11"><span class='ocrx_word' id='word_1_135' title='bbox 86 1119 216 1157; x_wconf 89' lang='lat' dir='ltr'>tudine</span> <span class='ocrx_word' id='word_1_136' title='bbox 246 1119 446 1168; x_wconf 85' lang='lat' dir='ltr'>explanari.</span> 
     </span>
    </p>
   </div>
   <div class='ocr_carea' id='block_1_4' title="bbox 87 1187 1579 1750">
    <p class='ocr_par' dir='ltr' id='par_1_5' title="bbox 87 1187 1579 1750">
     <span class='ocr_line' id='line_1_19' title="bbox 194 1187 1577 1236; baseline 0 -11"><span class='ocrx_word' id='word_1_137' title='bbox 194 1187 430 1226; x_wconf 83' lang='lat' dir='ltr'>Refutavisse</span> <span class='ocrx_word' id='word_1_138' title='bbox 474 1187 580 1226; x_wconf 87' lang='lat' dir='ltr'>nobis</span> <span class='ocrx_word' id='word_1_139' title='bbox 621 1188 699 1226; x_wconf 89' lang='lat' dir='ltr'>iam</span> <span class='ocrx_word' id='word_1_140' title='bbox 742 1188 869 1226; x_wconf 86' lang='lat' dir='ltr'>omnia</span> <span class='ocrx_word' id='word_1_141' title='bbox 911 1187 1083 1226; x_wconf 88' lang='lat' dir='ltr'>videmur</span> <span class='ocrx_word' id='word_1_142' title='bbox 1132 1198 1376 1236; x_wconf 89' lang='lat' dir='ltr'>quaecunque</span> <span class='ocrx_word' id='word_1_143' title='bbox 1429 1189 1518 1225; x_wconf 89' lang='lat' dir='ltr'>sunt</span> <span class='ocrx_word' id='word_1_144' title='bbox 1555 1198 1577 1225; x_wconf 85' lang='lat' dir='ltr'>a</span> 
     </span>
     <span class='ocr_line' id='line_1_20' title="bbox 87 1245 1578 1303; baseline -0.001 -13"><span class='ocrx_word' id='word_1_145' title='bbox 87 1252 252 1290; x_wconf 88' lang='lat' dir='ltr'>Krohnio</span> <span class='ocrx_word' id='word_1_146' title='bbox 289 1251 334 1290; x_wconf 91' lang='lat' dir='ltr'>de</span> <span class='ocrx_word' id='word_1_147' title='bbox 368 1249 592 1303; x_wconf 81' lang='grc' dir='ltr'><strong><em>μακροτέρᾳ</em></strong></span> <span class='ocrx_word' id='word_1_148' title='bbox 627 1252 692 1290; x_wconf 91' lang='lat' dir='ltr'>illa</span> <span class='ocrx_word' id='word_1_149' title='bbox 726 1245 903 1302; x_wconf 74' lang='grc' dir='ltr'><em>περιόδῳ</em></span> <span class='ocrx_word' id='word_1_150' title='bbox 939 1252 1107 1290; x_wconf 86' lang='lat' dir='ltr'>Platonis</span> <span class='ocrx_word' id='word_1_151' title='bbox 1136 1252 1260 1289; x_wconf 88' lang='lat' dir='ltr'>allata.</span> <span class='ocrx_word' id='word_1_152' title='bbox 1328 1250 1397 1289; x_wconf 91' lang='lat' dir='ltr'>Cui</span> <span class='ocrx_word' id='word_1_153' title='bbox 1425 1263 1511 1289; x_wconf 90' lang='lat' dir='ltr'>cum</span> <span class='ocrx_word' id='word_1_154' title='bbox 1539 1253 1578 1289; x_wconf 92' lang='lat' dir='ltr'>et</span> 
     </span>
     <span class='ocr_line' id='line_1_21' title="bbox 89 1315 1578 1365; baseline -0.001 -11"><span class='ocrx_word' id='word_1_155' title='bbox 89 1317 127 1354; x_wconf 93' lang='lat' dir='ltr'>in</span> <span class='ocrx_word' id='word_1_156' title='bbox 156 1316 421 1365; x_wconf 87' lang='lat' dir='ltr'>posterioribus</span> <span class='ocrx_word' id='word_1_157' title='bbox 450 1316 605 1354; x_wconf 90' lang='lat' dir='ltr'>Politiae</span> <span class='ocrx_word' id='word_1_158' title='bbox 641 1316 745 1354; x_wconf 91' lang='lat' dir='ltr'>libris</span> <span class='ocrx_word' id='word_1_159' title='bbox 774 1316 967 1365; x_wconf 87' lang='lat' dir='ltr'>disputata</span> <span class='ocrx_word' id='word_1_160' title='bbox 1003 1318 1041 1355; x_wconf 89' lang='lat' dir='ltr'>et</span> <span class='ocrx_word' id='word_1_161' title='bbox 1068 1316 1106 1353; x_wconf 91' lang='lat' dir='ltr'>in</span> <span class='ocrx_word' id='word_1_162' title='bbox 1133 1315 1284 1354; x_wconf 89' lang='lat' dir='ltr'>Timaeo</span> <span class='ocrx_word' id='word_1_163' title='bbox 1314 1317 1465 1354; x_wconf 86' lang='lat' dir='ltr'>narrata</span> <span class='ocrx_word' id='word_1_164' title='bbox 1493 1327 1578 1353; x_wconf 91' lang='lat' dir='ltr'>con·</span> 
     </span>
     <span class='ocr_line' id='line_1_22' title="bbox 90 1379 1577 1430; baseline -0.001 -12"><span class='ocrx_word' id='word_1_165' title='bbox 90 1380 371 1419; x_wconf 88' lang='lat' dir='ltr'>venientissime</span> <span class='ocrx_word' id='word_1_166' title='bbox 408 1380 669 1430; x_wconf 87' lang='lat' dir='ltr'>respondeant,</span> <span class='ocrx_word' id='word_1_167' title='bbox 697 1391 772 1419; x_wconf 90' lang='lat' dir='ltr'>non</span> <span class='ocrx_word' id='word_1_168' title='bbox 808 1380 884 1418; x_wconf 88' lang='lat' dir='ltr'>iam</span> <span class='ocrx_word' id='word_1_169' title='bbox 918 1382 1141 1418; x_wconf 86' lang='lat' dir='ltr'>cunctamur</span> <span class='ocrx_word' id='word_1_170' title='bbox 1168 1379 1300 1424; x_wconf 88' lang='lat' dir='ltr'>facere,</span> <span class='ocrx_word' id='word_1_171' title='bbox 1337 1379 1376 1417; x_wconf 91' lang='lat' dir='ltr'>id</span> <span class='ocrx_word' id='word_1_172' title='bbox 1404 1379 1502 1428; x_wconf 90' lang='lat' dir='ltr'>quod</span> <span class='ocrx_word' id='word_1_173' title='bbox 1530 1380 1577 1417; x_wconf 90' lang='lat' dir='ltr'>ab</span> 
     </span>
     <span class='ocr_line' id='line_1_23' title="bbox 88 1443 1577 1494; baseline -0.001 -11"><span class='ocrx_word' id='word_1_174' title='bbox 88 1445 194 1483; x_wconf 91' lang='lat' dir='ltr'>initio</span> <span class='ocrx_word' id='word_1_175' title='bbox 237 1445 343 1483; x_wconf 90' lang='lat' dir='ltr'>nobis</span> <span class='ocrx_word' id='word_1_176' title='bbox 386 1446 466 1483; x_wconf 90' lang='lat' dir='ltr'>erat</span> <span class='ocrx_word' id='word_1_177' title='bbox 507 1445 756 1494; x_wconf 87' lang='lat' dir='ltr'>propositum,</span> <span class='ocrx_word' id='word_1_178' title='bbox 800 1446 845 1483; x_wconf 95' lang='lat' dir='ltr'>ut</span> <span class='ocrx_word' id='word_1_179' title='bbox 887 1456 931 1483; x_wconf 88' lang='lat' dir='ltr'>ex</span> <span class='ocrx_word' id='word_1_180' title='bbox 973 1445 1051 1482; x_wconf 92' lang='lat' dir='ltr'>loco</span> <span class='ocrx_word' id='word_1_181' title='bbox 1094 1443 1147 1481; x_wconf 95' lang='lat' dir='ltr'>IV</span> <span class='ocrx_word' id='word_1_182' title='bbox 1187 1444 1265 1482; x_wconf 86' lang='lat'>435</span> <span class='ocrx_word' id='word_1_183' title='bbox 1309 1443 1577 1482; x_wconf 85' lang='lat' dir='ltr'>concludamus</span> 
     </span>
     <span class='ocr_line' id='line_1_24' title="bbox 90 1507 1578 1557; baseline -0.001 -11"><span class='ocrx_word' id='word_1_184' title='bbox 90 1510 303 1553; x_wconf 89' lang='lat' dir='ltr'>Platonem,</span> <span class='ocrx_word' id='word_1_185' title='bbox 340 1520 428 1546; x_wconf 89' lang='lat' dir='ltr'>cum</span> <span class='ocrx_word' id='word_1_186' title='bbox 465 1510 643 1557; x_wconf 88' lang='lat' dir='ltr'>quartum</span> <span class='ocrx_word' id='word_1_187' title='bbox 679 1509 725 1546; x_wconf 88' lang='lat' dir='ltr'>de</span> <span class='ocrx_word' id='word_1_188' title='bbox 753 1508 981 1557; x_wconf 87' lang='lat' dir='ltr'>Republicae</span> <span class='ocrx_word' id='word_1_189' title='bbox 1016 1508 1156 1546; x_wconf 91' lang='lat' dir='ltr'>librum</span> <span class='ocrx_word' id='word_1_190' title='bbox 1185 1508 1371 1551; x_wconf 87' lang='lat' dir='ltr'>scriberet,</span> <span class='ocrx_word' id='word_1_191' title='bbox 1408 1507 1578 1545; x_wconf 88' lang='lat' dir='ltr'>idearum</span> 
     </span>
     <span class='ocr_line' id='line_1_25' title="bbox 90 1571 1579 1622; baseline -0.001 -11"><span class='ocrx_word' id='word_1_192' title='bbox 90 1573 167 1611; x_wconf 89' lang='lat' dir='ltr'>iam</span> <span class='ocrx_word' id='word_1_193' title='bbox 208 1572 359 1622; x_wconf 87' lang='lat' dir='ltr'>plenam</span> <span class='ocrx_word' id='word_1_194' title='bbox 400 1571 576 1611; x_wconf 86' lang='lat' dir='ltr'>habuisse</span> <span class='ocrx_word' id='word_1_195' title='bbox 623 1572 885 1621; x_wconf 85' lang='lat' dir='ltr'>cognitionem.</span> <span class='ocrx_word' id='word_1_196' title='bbox 960 1571 1041 1620; x_wconf 86' lang='lat' dir='ltr'>Quo</span> <span class='ocrx_word' id='word_1_197' title='bbox 1085 1583 1259 1610; x_wconf 89' lang='lat' dir='ltr'>concesso</span> <span class='ocrx_word' id='word_1_198' title='bbox 1301 1571 1479 1610; x_wconf 87' lang='lat' dir='ltr'>subversa</span> <span class='ocrx_word' id='word_1_199' title='bbox 1522 1573 1579 1610; x_wconf 90' lang='lat' dir='ltr'>est</span> 
     </span>
     <span class='ocr_line' id='line_1_26' title="bbox 90 1636 1579 1686; baseline -0.001 -11"><span class='ocrx_word' id='word_1_200' title='bbox 90 1637 250 1675; x_wconf 91' lang='lat' dir='ltr'>Krohnii</span> <span class='ocrx_word' id='word_1_201' title='bbox 278 1637 410 1686; x_wconf 91' lang='lat' dir='ltr'>opinio.</span> <span class='ocrx_word' id='word_1_202' title='bbox 466 1636 567 1674; x_wconf 90' lang='lat' dir='ltr'>Nam</span> <span class='ocrx_word' id='word_1_203' title='bbox 603 1637 635 1674; x_wconf 89' lang='lat' dir='ltr'>si</span> <span class='ocrx_word' id='word_1_204' title='bbox 663 1637 771 1674; x_wconf 91' lang='lat' dir='ltr'>Plato</span> <span class='ocrx_word' id='word_1_205' title='bbox 807 1637 854 1674; x_wconf 92' lang='lat' dir='ltr'>ab</span> <span class='ocrx_word' id='word_1_206' title='bbox 891 1636 996 1674; x_wconf 92' lang='lat' dir='ltr'>initio</span> <span class='ocrx_word' id='word_1_207' title='bbox 1025 1636 1262 1685; x_wconf 87' lang='lat' dir='ltr'>Reipublicae</span> <span class='ocrx_word' id='word_1_208' title='bbox 1296 1636 1465 1674; x_wconf 86' lang='lat' dir='ltr'>idearum</span> <span class='ocrx_word' id='word_1_209' title='bbox 1494 1636 1579 1674; x_wconf 89' lang='lat' dir='ltr'>doc-</span> 
     </span>
     <span class='ocr_line' id='line_1_27' title="bbox 91 1700 1579 1750; baseline -0.001 -11"><span class='ocrx_word' id='word_1_210' title='bbox 91 1701 232 1740; x_wconf 89' lang='lat' dir='ltr'>trinam</span> <span class='ocrx_word' id='word_1_211' title='bbox 269 1700 434 1739; x_wconf 89' lang='lat' dir='ltr'>tenuisse</span> <span class='ocrx_word' id='word_1_212' title='bbox 469 1700 674 1747; x_wconf 89' lang='lat' dir='ltr'>iudicatur,</span> <span class='ocrx_word' id='word_1_213' title='bbox 717 1711 791 1739; x_wconf 82' lang='lat' dir='ltr'>non</span> <span class='ocrx_word' id='word_1_214' title='bbox 824 1701 902 1739; x_wconf 90' lang='lat' dir='ltr'>iam</span> <span class='ocrx_word' id='word_1_215' title='bbox 939 1700 1032 1739; x_wconf 88' lang='lat' dir='ltr'>duas</span> <span class='ocrx_word' id='word_1_216' title='bbox 1070 1712 1150 1739; x_wconf 87' lang='lat' dir='ltr'>esse</span> <span class='ocrx_word' id='word_1_217' title='bbox 1187 1700 1342 1739; x_wconf 89' lang='lat' dir='ltr'>Politiae</span> <span class='ocrx_word' id='word_1_218' title='bbox 1378 1701 1503 1750; x_wconf 90' lang='lat' dir='ltr'>partes</span> <span class='ocrx_word' id='word_1_219' title='bbox 1541 1702 1579 1738; x_wconf 91' lang='lat' dir='ltr'>et</span> 
     </span>
    </p>
   </div>
   <div class='ocr_carea' id='block_1_5' title="bbox 92 1764 1576 1868">
    <p class='ocr_par' dir='ltr' id='par_1_6' title="bbox 92 1764 1576 1868">
     <span class='ocr_line' id='line_1_28' title="bbox 92 1764 1576 1814; baseline -0.001 -10"><span class='ocrx_word' id='word_1_220' title='bbox 92 1767 313 1814; x_wconf 90' lang='lat' dir='ltr'>argumento</span> <span class='ocrx_word' id='word_1_221' title='bbox 353 1767 392 1803; x_wconf 94' lang='lat' dir='ltr'>et</span> <span class='ocrx_word' id='word_1_222' title='bbox 432 1766 661 1814; x_wconf 86' lang='lat' dir='ltr'>temporibus</span> <span class='ocrx_word' id='word_1_223' title='bbox 699 1777 828 1803; x_wconf 88' lang='lat' dir='ltr'>secum</span> <span class='ocrx_word' id='word_1_224' title='bbox 866 1765 1128 1803; x_wconf 88' lang='lat' dir='ltr'>dissentientes</span> <span class='ocrx_word' id='word_1_225' title='bbox 1173 1767 1286 1813; x_wconf 89' lang='lat' dir='ltr'>atque</span> <span class='ocrx_word' id='word_1_226' title='bbox 1322 1764 1576 1803; x_wconf 88' lang='lat' dir='ltr'>dissociabiles</span> 
     </span>
     <span class='ocr_line' id='line_1_29' title="bbox 92 1829 384 1868; baseline -0.007 0"><span class='ocrx_word' id='word_1_227' title='bbox 92 1831 257 1868; x_wconf 88' lang='lat' dir='ltr'>statuere</span> <span class='ocrx_word' id='word_1_228' title='bbox 286 1829 384 1867; x_wconf 92' lang='lat' dir='ltr'>licet.</span> 
     </span>
    </p>
   </div>
   <div class='ocr_carea' id='block_1_6' title="bbox 93 1897 1579 2011">
    <p class='ocr_par' dir='ltr' id='par_1_7' title="bbox 93 1897 1579 2011">
     <span class='ocr_line' id='line_1_30' title="bbox 199 1897 1575 1947; baseline -0.001 -11"><span class='ocrx_word' id='word_1_229' title='bbox 199 1898 283 1936; x_wconf 92' lang='lat' dir='ltr'>Iam</span> <span class='ocrx_word' id='word_1_230' title='bbox 329 1909 416 1936; x_wconf 87' lang='lat' dir='ltr'>vero</span> <span class='ocrx_word' id='word_1_231' title='bbox 462 1898 659 1937; x_wconf 88' lang='lat' dir='ltr'>redeamus</span> <span class='ocrx_word' id='word_1_232' title='bbox 709 1898 757 1936; x_wconf 90' lang='lat' dir='ltr'>ad</span> <span class='ocrx_word' id='word_1_233' title='bbox 805 1909 849 1936; x_wconf 92' lang='lat' dir='ltr'>ea</span> <span class='ocrx_word' id='word_1_234' title='bbox 899 1898 945 1936; x_wconf 91' lang='lat' dir='ltr'>de</span> <span class='ocrx_word' id='word_1_235' title='bbox 996 1898 1132 1947; x_wconf 89' lang='lat' dir='ltr'>quibus</span> <span class='ocrx_word' id='word_1_236' title='bbox 1183 1900 1294 1936; x_wconf 88' lang='lat' dir='ltr'>antea</span> <span class='ocrx_word' id='word_1_237' title='bbox 1343 1897 1450 1935; x_wconf 91' lang='lat' dir='ltr'>nobis</span> <span class='ocrx_word' id='word_1_238' title='bbox 1497 1908 1575 1935; x_wconf 91' lang='lat' dir='ltr'>non</span> 
     </span>
     <span class='ocr_line' id='line_1_31' title="bbox 93 1961 1579 2011; baseline -0.001 -10"><span class='ocrx_word' id='word_1_239' title='bbox 93 1964 185 2002; x_wconf 90' lang='lat' dir='ltr'>satis</span> <span class='ocrx_word' id='word_1_240' title='bbox 228 1963 424 2001; x_wconf 90' lang='lat' dir='ltr'>firmatum</span> <span class='ocrx_word' id='word_1_241' title='bbox 477 1974 559 2001; x_wconf 89' lang='lat' dir='ltr'>esse</span> <span class='ocrx_word' id='word_1_242' title='bbox 600 1962 782 2001; x_wconf 91' lang='lat' dir='ltr'>iudicium</span> <span class='ocrx_word' id='word_1_243' title='bbox 824 1962 1021 2001; x_wconf 85' lang='lat' dir='ltr'>videbatur</span> <span class='ocrx_word' id='word_1_244' title='bbox 1056 1962 1118 2011; x_wconf 87' lang='lat' dir='ltr'>(cf.</span> <span class='ocrx_word' id='word_1_245' title='bbox 1152 1973 1186 2011; x_wconf 93' lang='lat' dir='ltr'>p.</span> <span class='ocrx_word' id='word_1_246' title='bbox 1225 1962 1304 2011; x_wconf 82' lang='lat'>24).</span> <span class='ocrx_word' id='word_1_247' title='bbox 1391 1961 1440 1999; x_wconf 82' lang='lat' dir='ltr'>Et</span> <span class='ocrx_word' id='word_1_248' title='bbox 1483 1961 1579 1999; x_wconf 85' lang='lat' dir='ltr'>illud</span> 
     </span>
    </p>
   </div>
   <div class='ocr_carea' id='block_1_7' title="bbox 93 2025 1639 2077">
    <p class='ocr_par' dir='ltr' id='par_1_8' title="bbox 93 2025 1639 2077">
     <span class='ocr_line' id='line_1_32' title="bbox 93 2025 1639 2077; baseline -0.001 -12"><span class='ocrx_word' id='word_1_249' title='bbox 93 2026 245 2077; x_wconf 90' lang='lat' dir='ltr'>quidem</span> <span class='ocrx_word' id='word_1_250' title='bbox 281 2026 358 2065; x_wconf 87' lang='lat' dir='ltr'>iam</span> <span class='ocrx_word' id='word_1_251' title='bbox 394 2028 477 2065; x_wconf 90' lang='lat' dir='ltr'>tum</span> <span class='ocrx_word' id='word_1_252' title='bbox 513 2026 620 2065; x_wconf 89' lang='lat' dir='ltr'>nobis</span> <span class='ocrx_word' id='word_1_253' title='bbox 648 2026 846 2065; x_wconf 88' lang='lat' dir='ltr'>constabat</span> <span class='ocrx_word' id='word_1_254' title='bbox 882 2038 951 2065; x_wconf 89' lang='lat' dir='ltr'>nec</span> <span class='ocrx_word' id='word_1_255' title='bbox 985 2026 1210 2076; x_wconf 88' lang='lat' dir='ltr'>reipublicae</span> <span class='ocrx_word' id='word_1_256' title='bbox 1238 2037 1261 2064; x_wconf 90' lang='lat' dir='ltr'>a</span> <span class='ocrx_word' id='word_1_257' title='bbox 1289 2025 1443 2064; x_wconf 88' lang='lat' dir='ltr'>Platone</span> <span class='ocrx_word' id='word_1_258' title='bbox 1470 2025 1579 2063; x_wconf 88' lang='lat' dir='ltr'>fictae</span> <span class='ocrx_word' id='word_1_259' title='bbox 1638 2029 1639 2032; x_wconf 76' lang='grc'>’</span> 
     </span>
    </p>
   </div>
   <div class='ocr_carea' id='block_1_8' title="bbox 91 2089 1580 2524">
    <p class='ocr_par' dir='ltr' id='par_1_9' title="bbox 91 2089 1580 2524">
     <span class='ocr_line' id='line_1_33' title="bbox 92 2089 1579 2140; baseline -0.002 -10"><span class='ocrx_word' id='word_1_260' title='bbox 92 2102 249 2130; x_wconf 88' lang='lat' dir='ltr'>causam</span> <span class='ocrx_word' id='word_1_261' title='bbox 290 2093 328 2130; x_wconf 93' lang='lat' dir='ltr'>et</span> <span class='ocrx_word' id='word_1_262' title='bbox 368 2090 551 2140; x_wconf 88' lang='lat' dir='ltr'>originem</span> <span class='ocrx_word' id='word_1_263' title='bbox 592 2091 633 2129; x_wconf 90' lang='lat' dir='ltr'>in</span> <span class='ocrx_word' id='word_1_264' title='bbox 675 2101 751 2129; x_wconf 91' lang='lat' dir='ltr'>una</span> <span class='ocrx_word' id='word_1_265' title='bbox 792 2090 949 2130; x_wconf 90' lang='lat' dir='ltr'>inveniri</span> <span class='ocrx_word' id='word_1_266' title='bbox 991 2092 1128 2129; x_wconf 91' lang='lat' dir='ltr'>natura</span> <span class='ocrx_word' id='word_1_267' title='bbox 1170 2092 1208 2129; x_wconf 93' lang='lat' dir='ltr'>et</span> <span class='ocrx_word' id='word_1_268' title='bbox 1248 2089 1372 2129; x_wconf 91' lang='lat' dir='ltr'>indole</span> <span class='ocrx_word' id='word_1_269' title='bbox 1413 2090 1579 2128; x_wconf 90' lang='lat' dir='ltr'>humana</span> 
     </span>
     <span class='ocr_line' id='line_1_34' title="bbox 91 2154 1578 2206; baseline -0.002 -11"><span class='ocrx_word' id='word_1_270' title='bbox 91 2167 213 2206; x_wconf 90' lang='lat' dir='ltr'>neque</span> <span class='ocrx_word' id='word_1_271' title='bbox 249 2156 367 2194; x_wconf 90' lang='lat' dir='ltr'>animi</span> <span class='ocrx_word' id='word_1_272' title='bbox 408 2156 567 2194; x_wconf 90' lang='lat' dir='ltr'>humani</span> <span class='ocrx_word' id='word_1_273' title='bbox 608 2167 728 2204; x_wconf 87' lang='lat' dir='ltr'>genus</span> <span class='ocrx_word' id='word_1_274' title='bbox 770 2155 1020 2205; x_wconf 88' lang='lat' dir='ltr'>tripartitum,</span> <span class='ocrx_word' id='word_1_275' title='bbox 1062 2156 1106 2193; x_wconf 93' lang='lat' dir='ltr'>ut</span> <span class='ocrx_word' id='word_1_276' title='bbox 1146 2154 1307 2193; x_wconf 89' lang='lat' dir='ltr'>firmiter</span> <span class='ocrx_word' id='word_1_277' title='bbox 1348 2154 1578 2199; x_wconf 89' lang='lat' dir='ltr'>consisteret,</span> 
     </span>
     <span class='ocr_line' id='line_1_35' title="bbox 93 2217 1580 2269; baseline -0.002 -11"><span class='ocrx_word' id='word_1_278' title='bbox 93 2232 113 2259; x_wconf 93' lang='lat' dir='ltr'>e</span> <span class='ocrx_word' id='word_1_279' title='bbox 155 2220 317 2258; x_wconf 89' lang='lat' dir='ltr'>civitatis</span> <span class='ocrx_word' id='word_1_280' title='bbox 359 2220 522 2269; x_wconf 89' lang='lat' dir='ltr'>optimae</span> <span class='ocrx_word' id='word_1_281' title='bbox 565 2219 810 2257; x_wconf 88' lang='lat' dir='ltr'>similitudine</span> <span class='ocrx_word' id='word_1_282' title='bbox 853 2230 934 2257; x_wconf 90' lang='lat' dir='ltr'>esse</span> <span class='ocrx_word' id='word_1_283' title='bbox 974 2218 1219 2268; x_wconf 88' lang='lat' dir='ltr'>repetendum</span> <span class='ocrx_word' id='word_1_284' title='bbox 1261 2218 1310 2267; x_wconf 88' lang='lat' dir='ltr'>(p.</span> <span class='ocrx_word' id='word_1_285' title='bbox 1354 2219 1432 2267; x_wconf 84' lang='lat'><strong>23).</strong></span> <span class='ocrx_word' id='word_1_286' title='bbox 1501 2217 1580 2256; x_wconf 90' lang='lat' dir='ltr'>Nec</span> 
     </span>
     <span class='ocr_line' id='line_1_36' title="bbox 93 2282 1578 2333; baseline -0.002 -11"><span class='ocrx_word' id='word_1_287' title='bbox 93 2284 360 2322; x_wconf 87' lang='lat' dir='ltr'>dubitabamus</span> <span class='ocrx_word' id='word_1_288' title='bbox 401 2284 598 2332; x_wconf 89' lang='lat' dir='ltr'>utriusque</span> <span class='ocrx_word' id='word_1_289' title='bbox 634 2283 858 2333; x_wconf 88' lang='lat' dir='ltr'>principium</span> <span class='ocrx_word' id='word_1_290' title='bbox 900 2285 938 2321; x_wconf 90' lang='lat' dir='ltr'>et</span> <span class='ocrx_word' id='word_1_291' title='bbox 974 2294 1130 2321; x_wconf 89' lang='lat' dir='ltr'>causam</span> <span class='ocrx_word' id='word_1_292' title='bbox 1165 2282 1250 2320; x_wconf 88' lang='lat' dir='ltr'>idea</span> <span class='ocrx_word' id='word_1_293' title='bbox 1287 2282 1375 2320; x_wconf 93' lang='lat' dir='ltr'>boni</span> <span class='ocrx_word' id='word_1_294' title='bbox 1413 2282 1578 2331; x_wconf 89' lang='lat' dir='ltr'>iustique</span> 
     </span>
     <span class='ocr_line' id='line_1_37' title="bbox 93 2346 1579 2395; baseline -0.001 -9"><span class='ocrx_word' id='word_1_295' title='bbox 93 2348 274 2387; x_wconf 88' lang='lat' dir='ltr'>contineri</span> <span class='ocrx_word' id='word_1_296' title='bbox 311 2360 330 2386; x_wconf 91' lang='lat' dir='ltr'>e</span> <span class='ocrx_word' id='word_1_297' title='bbox 358 2348 411 2385; x_wconf 89' lang='lat' dir='ltr'>VI</span> <span class='ocrx_word' id='word_1_298' title='bbox 442 2349 518 2386; x_wconf 89' lang='lat'>500</span> <span class='ocrx_word' id='word_1_299' title='bbox 548 2348 579 2385; x_wconf 95' lang='lat' dir='ltr'>B</span> <span class='ocrx_word' id='word_1_300' title='bbox 602 2347 629 2386; x_wconf 88' lang='lat' dir='ltr'>C</span> <span class='ocrx_word' id='word_1_301' title='bbox 650 2348 684 2385; x_wconf 93' lang='lat' dir='ltr'>D</span> <span class='ocrx_word' id='word_1_302' title='bbox 712 2347 870 2386; x_wconf 89' lang='lat' dir='ltr'>fidenter</span> <span class='ocrx_word' id='word_1_303' title='bbox 904 2347 1135 2385; x_wconf 87' lang='lat' dir='ltr'>concludere.</span> <span class='ocrx_word' id='word_1_304' title='bbox 1199 2346 1272 2385; x_wconf 89' lang='lat' dir='ltr'>Sed</span> <span class='ocrx_word' id='word_1_305' title='bbox 1310 2347 1380 2385; x_wconf 90' lang='lat' dir='ltr'>hoc</span> <span class='ocrx_word' id='word_1_306' title='bbox 1408 2346 1579 2395; x_wconf 89' lang='lat' dir='ltr'>quamvis</span> 
     </span>
     <span class='ocr_line' id='line_1_38' title="bbox 92 2410 1579 2461; baseline -0.002 -11"><span class='ocrx_word' id='word_1_307' title='bbox 92 2413 319 2451; x_wconf 88' lang='lat' dir='ltr'>haberemus</span> <span class='ocrx_word' id='word_1_308' title='bbox 366 2423 606 2461; x_wconf 90' lang='lat' dir='ltr'>persuasum,</span> <span class='ocrx_word' id='word_1_309' title='bbox 653 2411 875 2460; x_wconf 88' lang='lat' dir='ltr'>neutiquam</span> <span class='ocrx_word' id='word_1_310' title='bbox 922 2412 1051 2448; x_wconf 87' lang='lat' dir='ltr'>tamen</span> <span class='ocrx_word' id='word_1_311' title='bbox 1098 2410 1235 2449; x_wconf 91' lang='lat' dir='ltr'>licebat</span> <span class='ocrx_word' id='word_1_312' title='bbox 1280 2421 1345 2459; x_wconf 91' lang='lat' dir='ltr'>pro</span> <span class='ocrx_word' id='word_1_313' title='bbox 1393 2410 1579 2459; x_wconf 86' lang='lat' dir='ltr'>explorato</span> 
     </span>
     <span class='ocr_line' id='line_1_39' title="bbox 95 2474 1578 2524; baseline -0.002 -10"><span class='ocrx_word' id='word_1_314' title='bbox 95 2487 254 2521; x_wconf 88' lang='lat' dir='ltr'>sumere,</span> <span class='ocrx_word' id='word_1_315' title='bbox 283 2476 375 2514; x_wconf 89' lang='lat' dir='ltr'>dum</span> <span class='ocrx_word' id='word_1_316' title='bbox 404 2476 628 2521; x_wconf 88' lang='lat' dir='ltr'>Krohnium,</span> <span class='ocrx_word' id='word_1_317' title='bbox 666 2476 731 2524; x_wconf 91' lang='lat' dir='ltr'>qui</span> <span class='ocrx_word' id='word_1_318' title='bbox 758 2486 909 2513; x_wconf 88' lang='lat' dir='ltr'>omnem</span> <span class='ocrx_word' id='word_1_319' title='bbox 938 2475 1103 2523; x_wconf 90' lang='lat' dir='ltr'>priorum</span> <span class='ocrx_word' id='word_1_320' title='bbox 1132 2474 1369 2523; x_wconf 88' lang='lat' dir='ltr'>Reipublicae</span> <span class='ocrx_word' id='word_1_321' title='bbox 1397 2474 1578 2512; x_wconf 89' lang='lat' dir='ltr'>librorum</span> 
     </span>
    </p>
   </div>
  </div>
 </body>
</html>
