1786 2742
867 39 890 75 7

140 164 413 210 πολιτεύονται
448 167 510 207 νῦν
548 161 748 219 ἐγγύτερόν
785 163 866 205 εἶσι
899 160 1046 205 τούτων
1071 158 1315 218 ἀμφοτέρων.
1382 159 1508 212 οὗδεὶς
1544 161 1616 218 γὰρ

141 227 227 275 οἷ’τεε
252 229 321 287 τὴν
348 232 441 285 περὶ
466 227 517 272 τὰ
551 230 669 271 τέκνα
695 225 901 284 κοινότητα
928 228 997 269 καὶ
1023 224 1095 277 τὰς
1121 232 1305 282 γυναῖκας
1336 222 1453 278 ἄλλος
1480 244 1613 270 κεκαι-

139 294 348 350 νοτόμηκεν
383 289 468 336 οὔτε
505 295 598 347 περὶ
635 290 685 333 τὰ
725 292 908 334 συσσίτια
943 293 1021 333 τῶν
1056 293 1260 345 γυναικῶν,
1297 287 1382 333 ἀλλ’
1418 288 1503 333 ἀπὸ
1536 294 1614 333 τῶν

140 355 361 413 ἀναγκαίων
377 352 560 412 ἔρχονται
586 357 744 408 μᾶλλον.
800 358 904 397 Haec
921 358 1237 397 Teichmuellerus
1255 359 1310 397 ita
1327 360 1612 408 interpretatur:

138 419 251 464 ‘Kein
278 425 413 463 andrer
440 424 695 468 Privatmann,
729 423 928 472 Philosoph
954 422 1043 461 oder
1070 422 1315 461 Staatsmann
1341 423 1408 461 hat
1435 424 1515 461 sich
1542 423 1614 462 mit

140 489 267 528 seinen
301 487 503 526 Gedanken
544 487 669 525 soweit
708 497 779 524 von
819 486 892 524 den
932 486 1185 524 bestehenden
1220 486 1613 534 Verfassungsformen

140 552 311 598 eutfernt,
347 551 435 590 dass
471 562 511 590 er
548 550 612 589 wie
639 550 746 589 Plato
782 549 851 589 auf
882 549 954 588 den
982 549 1198 599 originellen
1224 549 1363 588 Einfall
1390 550 1611 599 gekommen

139 620 245 660 ware,
282 615 341 652 die
370 614 654 653 Gemeinschaft
688 614 753 651 der
784 613 927 651 Kinder
958 614 1038 651 und
1064 614 1217 651 Weiber
1243 614 1323 651 und
1349 614 1408 652 die
1437 613 1611 653 Convicte

139 679 206 718 der
242 678 394 717 Weiber
421 689 468 716 zu
503 668 673 716 sordem?
737 677 859 730 Atque
894 676 935 715 in
968 687 1124 716 numero
1159 672 1329 715 ἰδιωτῶν
1373 688 1461 715 cum
1497 678 1611 716 etiam

138 744 425 792 Aristophanem
460 742 677 780 habendum
713 744 880 786 censeat,
915 742 1027 780 verba
1062 741 1269 780 Aristotelis
1303 741 1356 780 sic
1396 742 1530 791 accipit
1568 745 1612 781 ut

138 807 246 846 Plato
279 806 450 856 princeps
477 806 628 844 illorum
655 805 878 855 placitorum
914 807 1044 844 auctor
1071 804 1217 843 dicatur
1246 799 1609 857 (κεκαινοτόμηκεν),

138 872 403 920 Aristophanes
437 870 603 908 imitator
636 872 786 908 tantum
821 871 933 918 atque
969 870 1097 908 irrisor
1129 869 1254 919 putari
1287 870 1414 919 possit.
1486 869 1611 918 Quam

138 934 390 984 opinationem
424 932 585 983 profecto
620 944 695 970 uon
729 943 849 982 pauca
883 934 973 970 sunt
1008 943 1103 981 quae
1135 932 1327 971 infirment
1365 944 1409 971 ac
1443 933 1610 972 reiciant.

138 999 321 1037 Primum·
343 998 443 1036 enim
479 997 742 1046 Aristophanes
777 996 841 1046 qui
873 998 997 1046 potest
1030 996 1069 1035 in
1108 996 1262 1046 privatis
1304 997 1377 1036 illis
1410 998 1610 1043 numerari,

137 1073 225 1100 cum
262 1072 391 1099 omnes
429 1071 525 1109 quae
560 1060 774 1098 hominibus
811 1071 924 1109 supra
958 1060 1163 1108 designatis
1201 1063 1375 1109 acceptae
1401 1061 1611 1099 referuntur

136 1125 381 1175 respublicae,
424 1124 618 1164 Platonica
653 1123 757 1174 (nam
791 1124 884 1163 haec
920 1125 977 1163 est
1011 1124 1050 1162 iu
1086 1123 1231 1162 duobus
1265 1124 1464 1173 generibus
1500 1126 1611 1163 antea

137 1189 369 1240 significatis)
403 1189 529 1228 minus
568 1188 616 1227 ab
652 1188 851 1227 hominum
878 1188 1147 1227 consuetudine
1176 1199 1220 1227 ac
1246 1189 1412 1228 moribus
1441 1189 1611 1228 dicantur

136 1254 350 1293 discedere?
413 1253 505 1292 Esse
541 1255 670 1292 autem
705 1253 929 1302 reipublicae
963 1252 1124 1291 formam
1157 1254 1198 1291 in
1225 1253 1489 1292 Ecclesiazusis
1527 1255 1611 1292 illu-

136 1319 296 1357 stratam
329 1317 530 1367 exemplari
564 1317 753 1356 Platonico
786 1317 906 1355 multo
933 1316 1212 1355 insolentiorem
1245 1319 1359 1366 atque
1386 1318 1494 1367 plane
1522 1318 1611 1355 ridi-

135 1383 261 1420 culam
295 1394 405 1421 nemo
438 1382 658 1430 intellegens
693 1381 927 1420 infitiabitur.
987 1381 1085 1419 Tum
1118 1393 1202 1420 vero
1240 1382 1350 1420 homo
1386 1382 1449 1421 ille
1476 1382 1608 1421 doctus

133 1446 246 1495 plane
272 1445 446 1496 neglexit,
483 1456 571 1483 cum
606 1445 680 1483 duo
717 1444 975 1484 discernantur
1002 1445 1225 1494 reipublicae
1266 1456 1414 1493 genera,
1447 1446 1609 1484 alterum

133 1510 436 1559 philosophorum
477 1509 754 1559 eorundemque
793 1509 1038 1560 privatorum,
1082 1509 1243 1548 alterum
1278 1510 1443 1548 virorum
1476 1510 1515 1548 in
1551 1522 1609 1549 re-

133 1574 281 1622 publica
317 1573 613 1611 administranda
648 1573 888 1618 versantium,
926 1573 1229 1622 Aristophanem,
1265 1574 1400 1622 quippe
1437 1575 1501 1622 qui
1535 1575 1609 1623 pri-

132 1639 243 1676 vatus
277 1637 438 1687 quidem,
473 1637 538 1676 sed
573 1648 649 1675 non
683 1636 921 1687 philosophus
957 1637 1018 1683 sit,
1055 1636 1095 1674 in
1122 1648 1278 1676 censum
1305 1637 1454 1676 omnino
1482 1638 1606 1677 venire

133 1713 208 1740 non
243 1713 362 1751 posse.
439 1701 568 1750 Neque
619 1701 711 1740 satis
759 1701 920 1750 respexit
955 1701 1196 1740 Politicorum
1232 1701 1356 1740 locum
1391 1713 1415 1740 a
1452 1714 1491 1741 se
1527 1703 1608 1741 lau-

133 1765 264 1804 datum
306 1776 391 1804 eam
425 1765 501 1804 vim
536 1765 672 1804 habere
706 1766 752 1804 ut
787 1765 832 1804 de
868 1765 1004 1815 quibus
1046 1765 1218 1815 deinceps
1255 1765 1522 1816 disputandum
1559 1767 1608 1806 sit

131 1830 290 1868 breviter
330 1830 538 1868 adumbret.
616 1830 774 1869 Peracta
816 1829 915 1868 enim
952 1829 1118 1869 Platonis
1162 1830 1317 1869 Politiae
1374 1832 1412 1869 et
1463 1831 1606 1880 Legum

131 1905 290 1932 censura
326 1894 562 1943 philosophus
599 1893 669 1932 sibi
706 1893 874 1943 proponit
909 1893 1008 1931 illius
1043 1893 1089 1932 de
1124 1894 1314 1943 republica
1348 1894 1486 1943 optime
1521 1907 1606 1934 con-

131 2009 294 2042 contextui
318 2010 472 2042 insertum
495 2011 560 2042 est:
584 2009 645 2042 Sed
668 2011 897 2051 utrumcunque
918 2010 1108 2051 scripturam
1131 2009 1327 2051 praetuleris,
1357 2009 1430 2043 inde
1457 2010 1541 2051 quod
1571 2011 1608 2042 αἳ

130 2064 193 2102 μὲν
216 2080 256 2085 -
279 2062 316 2093 αἳ
335 2061 372 2094 δὲ
405 2063 466 2094 sibi
494 2062 683 2103 respondent
708 2062 882 2095 certissime
915 2063 1078 2103 colligitur
1107 2063 1310 2095 Aristotelem
1345 2063 1407 2095 duo
1441 2063 1603 2096 hominum

135 2125 259 2156 genera,
284 2126 345 2147 non
367 2116 430 2147 tria
445 2117 483 2148 ut
505 2115 750 2147 Teichmuellero
772 2116 921 2148 vertenti:
944 2111 1027 2147 ‘kein
1048 2116 1163 2148 andrer
1185 2117 1403 2154 Privatmann,
1428 2115 1603 2157 Philosoph

128 2168 203 2201 oder
235 2165 451 2203 Staatsmann'
484 2169 614 2211 placuit,
649 2169 813 2212 designare
847 2168 992 2208 voluisse,
1031 2169 1078 2202 ita
1110 2171 1147 2202 ut
1183 2167 1356 2212 φιλόσοφοι
1388 2173 1442 2201 καὶ
1477 2169 1605 2203 ἰδιῶται

128 2223 335 2264 intellegendi
369 2224 435 2255 sint
456 2224 573 2264 privati
602 2223 819 2264 philosophiae
848 2223 955 2255 studio
985 2223 1085 2255 dediti
1114 2224 1164 2256 vel
1193 2224 1374 2265 philosophi
1403 2235 1423 2256 a
1445 2225 1605 2265 republica

127 2275 249 2308 remoti.
293 2276 455 2317 Frequens
476 2277 560 2308 enim
582 2278 631 2308 est
652 2276 729 2308 haec
750 2276 833 2308 ratio
855 2275 935 2308 duas
963 2286 1014 2308 res
1036 2277 1191 2317 particula
1214 2280 1268 2307 καὶ
1290 2277 1436 2309 adhibita
1463 2278 1509 2309 sic
1531 2287 1603 2309 con-

126 2328 278 2369 iungendi
299 2330 339 2362 ut
360 2338 459 2362 unum
481 2329 629 2369 efficiant,
662 2339 757 2372 quam
776 2329 907 2362 eandem
929 2339 1006 2371 prae
1028 2339 1062 2362 se
1078 2329 1185 2362 ferunt
1206 2330 1349 2371 exempla
1362 2330 1420 2362 illa
1435 2330 1604 2362 tritissima

125 2379 229 2413 πολλὰ
249 2386 304 2413 καὶ
327 2379 417 2420 ἄλλα,
441 2380 545 2414 πολλὰ
567 2387 621 2414 καὶ
643 2382 843 2424 θαυμαστάς
872 2384 918 2424 βῆ
951 2380 1030 2425 πρὸς
1052 2383 1145 2425 δῶμα
1168 2381 1247 2418 Διὸς
1275 2388 1330 2415 καὶ
1351 2381 1476 2426 μακρὸν
1494 2381 1603 2424 Ὀλυμ-

124 2445 197 2466 πον.
243 2435 387 2476 Denique
409 2435 472 2468 duo
494 2437 620 2468 tantum
643 2436 810 2468 civitatum
837 2446 953 2478 genera
984 2436 1139 2477 distingui
1166 2437 1236 2469 luce
1266 2438 1382 2470 clarius
1411 2437 1493 2478 quod
1521 2437 1605 2469 insc-

124 2487 234 2528 quitur
255 2487 382 2520 τούτων
405 2484 602 2532 ἀμφοτέρων
624 2489 773 2523 ostendit.
