1786 2742
906 59 954 95 19

295 187 366 224 Η18
395 185 568 235 expositis
596 196 670 222 non
699 185 821 222 solum
849 185 1014 223 iustitiae
1049 195 1092 223 ac
1129 184 1327 223 cuiuslibet
1354 185 1503 223 virtutis
1532 184 1665 222 animi-

188 258 260 301 que
287 250 453 295 humani,
482 250 546 298 qui
573 251 632 287 est
658 250 839 287 virtutum
878 250 986 298 quasi
1022 250 1251 288 domicilium
1290 261 1334 287 ac
1373 250 1490 294 sedes,
1526 250 1664 287 formas

188 326 268 353 esse
296 315 335 351 in
363 314 442 351 loco
469 313 645 350 invisibili
673 313 869 351 collocatas
889 313 1201 350 confidentissime
1222 313 1436 358 statuimus,
1466 313 1530 350 sed
1550 313 1664 350 etiam

187 378 277 417 iusti
315 376 476 426 speciem
511 376 565 415 VI
608 376 684 414 500
719 376 763 414 B.
803 377 878 414 501
914 376 960 415 D.
997 376 1030 414 V
1066 377 1144 415 476
1172 378 1205 414 A
1233 376 1480 424 significatam
1508 377 1542 415 ei
1570 388 1665 425 quae

186 442 238 480 IV
282 441 359 479 443
400 441 434 478 D
476 441 515 478 in
550 441 666 478 trium
702 441 818 478 animi
855 441 1079 479 facultatum
1114 441 1362 490 temperantia
1399 443 1435 479 et
1472 441 1665 479 concordia

189 506 354 544 cernitur
380 504 543 543 iustitiae
571 516 721 553 prorsus
749 505 967 553 respondere
995 516 1059 554 pro
1088 507 1186 543 certo
1215 505 1443 554 habemus.¹)

299 579 497 618 Praeterea
532 579 720 617 Krohnius
756 579 957 618 identidem
996 579 1046 628 (d.
1080 580 1128 629 pl.
1166 579 1223 617 Fr.
1259 592 1294 629 p.
1323 580 1385 618 40.
1415 580 1477 617 47.
1508 580 1569 617 55.
1599 580 1664 629 58)

188 656 254 695 pro
282 646 381 682 certo
409 643 577 682 affirmat
604 644 741 693 priores
769 644 924 682 Politiae
952 644 1066 682 libros
1095 644 1356 693 posterioribus
1384 644 1437 682 ita
1465 645 1666 682 contrarios

189 720 270 746 esse
300 710 343 746 ut
369 708 407 745 in
435 708 508 745 illis
544 719 673 746 01111108
709 708 755 759 de
791 708 927 756 quibus
963 711 1099 756 agatur
1135 708 1292 746 virtutes
1321 708 1358 745 in
1386 708 1511 745 animo
1541 708 1666 746 sedem

190 774 227 810 et
263 772 386 809 locum
420 772 583 810 habeant
618 784 737 820 neque
774 772 822 810 ab
859 783 903 810 ea
939 772 1128 810 seiunctae
1164 772 1319 820 cogitari
1353 772 1506 821 possint,
1542 772 1581 809 in
1609 772 1667 809 his

188 848 272 875 vero
300 827 467 886 ἀόρατον
492 829 618 873 τὸπον
645 838 797 874 teneant
833 836 879 874 ab
915 836 1081 874 humana
1117 838 1242 874 mente
1275 836 1557 874 remotissimae.
1618 837 1669 873 At

190 900 358 938 videmur
395 900 501 937 nobis
537 900 721 938 invenisse
760 901 885 938 locum
916 899 985 947 (VI
1013 900 1091 937 484
1121 898 1164 950 C)
1194 900 1258 937 ubi
1286 900 1357 938 hae
1385 900 1552 938 diversae
1579 900 1670 937 rati·

192 976 280 1003 ones
306 965 362 1002 ita
389 964 596 1013 iungantur
631 966 675 1002 ut
712 964 837 1003 altera'
863 965 1020 1002 alteram
1057 964 1240 1014 compleat
1275 965 1386 1013 atque
1423 965 1668 1003 consummet.

189 1028 313 1066 Verba
351 1030 440 1065 sunt
475 1029 584 1066 haec:
622 1018 682 1064 Ἦ
716 1018 780 1065 οὗν
815 1024 976 1065 δοκοῦσι’.
1010 1042 1050 1065 τι
1090 1025 1246 1079 τυφλῶν
1287 1026 1486 1079 διαφέρειν
1528 1024 1566 1065 οἱ
1602 1029 1671 1064 τοῦ

190 1083 300 1137 ὄντος
329 1085 496 1129 ἑκάστου
525 1089 770 1143 ἐστερημένοι
806 1089 875 1143 τῆς
908 1085 1086 1142 γνώσεως
1122 1090 1190 1129 καὶ
1224 1089 1345 1143 μηδὲν
1373 1089 1529 1142 ἐναργὲς
1557 1089 1598 1128 ἐν
1623 1085 1671 1143 τῇ

186 1153 292 1208 ψυχῇ
328 1152 477 1203 ἔχοντες
504 1149 757 1207 παράδειγμα
789 1153 889 1207 μηδὲ
926 1150 1139 1204 δυνάμενοι,
1184 1148 1319 1207 ὥσπερ
1357 1153 1509 1208 γραφῆς
1537 1152 1594 1201 εἰς
1623 1169 1669 1193 το

189 1212 462 1271 ἀληθέστατον
489 1212 790 1269 ἀποβλέποντες
816 1212 977 1257 κᾶκεῒσε
1013 1212 1076 1258 ἀεὶ
1111 1212 1371 1272 ἀναφέροντές
1397 1233 1439 1257 τε
1466 1218 1534 1257 καὶ
1563 1214 1669 1257 θεώ-

189 1297 299 1333 μενοι
337 1277 391 1330 ὠς
428 1277 552 1321 οἷόντε
585 1275 869 1335 ἀκριβέστατα,
916 1276 1015 1322 οὕτω
1057 1278 1104 1337 δὴ
1145 1282 1214 1322 καὶ
1249 1278 1299 1322 τὰ
1340 1278 1485 1322 ἐνθάδε
1525 1278 1672 1333 νόμιμα

192 1346 321 1385 καλῶν
354 1361 397 1385 τε
433 1346 527 1398 πέρι
561 1347 630 1384 καὶ
667 1345 832 1385 δικαίων
858 1345 1056 1386 τίθεσθαί
1092 1361 1145 1395 τε,
1176 1343 1242 1385 ἐὰν
1270 1347 1338 1399 δέῃ
1365 1346 1574 1394 τίθεσθαι,
1604 1347 1672 1384 καὶ

191 1405 241 1448 τὰ
291 1407 447 1459 κείμενα
495 1405 752 1463 φυλάττοντες
800 1405 986 1462 σῴζειν.2)
1083 1411 1167 1449 1)110
1222 1412 1314 1449 1111111
1361 1412 1446 1449 111110
1497 1412 1673 1460 consequi

193 1475 384 1514 videntur:
426 1475 610 1525 primum,
652 1475 697 1515 de
730 1475 822 1515 ideis
857 1476 1020 1526 pulchri,
1061 1476 1170 1523 iusti,
1207 1476 1294 1515 boni
1321 1476 1400 1515 fieri
1428 1476 1674 1521 ment-ionem;

197 1540 346 1586 etenim,
376 1540 523 1590 quando
552 1551 595 1578 ex
622 1551 795 1579 verarum
830 1540 1035 1579 formarum
1071 1540 1382 1591 contemplatione
1404 1536 1476 1591 (εἰς
1508 1534 1554 1578 τὸ
1580 1532 1673 1592 ἄλη,

197 1689 298 1721 fuisse
321 1689 406 1730 quod
429 1689 618 1721 Aristotcles
640 1690 866 1730 argumentum
887 1689 968 1721 illud
991 1691 1101 1722 contra
1126 1690 1214 1722 ideas
1237 1690 1408 1731 proferens,
1440 1690 1558 1730 quippe
1581 1690 1674 1721 0111118

198 1752 260 1774 11011
283 1742 374 1774 Plato
397 1742 453 1774 sed
468 1742 655 1783 Polyxenus
678 1743 790 1774 auctor
811 1743 905 1783 esset,
922 1742 1089 1775 Platonem
1111 1743 1172 1775 hoc
1194 1743 1264 1775 1000
1287 1744 1559 1783 commemoraret,
1582 1752 1673 1783 prae-

197 1796 308 1826 sertim
330 1805 404 1826 cum
421 1805 502 1836 quac
523 1795 578 1827 ille
599 1796 632 1826 in
655 1796 826 1836 posteriore
842 1795 1041 1827 Parmenidis
1064 1797 1153 1837 parte
1176 1798 1286 1828 contra
1301 1797 1496 1837 disputasset
1511 1795 1674 1827 Aristoteli

198 1849 255 1880 vix
282 1848 415 1889 probata
441 1849 587 1881 fuissent.
632 1848 745 1889 Itaque
776 1848 863 1881 nullo
897 1849 966 1880 iure
995 1849 1149 1891 originem
1179 1849 1378 1882 Parmenidis
1407 1849 1606 1881 Platonicam
1635 1859 1676 1879 ex

198 1902 323 1935 silentio
345 1901 524 1935 Aristotelis
546 1902 578 1934 in
602 1902 817 1944 suspicionem
838 1903 955 1935 vocari.

310 1966 333 2006 ¹)
356 1966 445 1998 Idem
469 1966 507 1998 de
529 1967 653 1998 animae
683 1966 754 1999 idea
777 1966 967 1999 Suscmihlio
997 1967 1119 2007 placere
1141 1966 1266 2008 gaudeo
1302 1965 1427 2008 (Genet.
1451 1966 1677 2008 Entwicklung

199 2019 233 2051 II
251 2020 266 2051 l
291 2029 321 2060 p.
341 2020 424 2059 160).
470 2019 519 2052 Cf.
543 2019 638 2051 etiam
662 2020 866 2060 posteriorem
889 2019 1023 2052 Krohnii
1055 2020 1093 2052 de
1115 2019 1224 2052 eadem
1255 2030 1288 2052 re
1318 2022 1428 2052 contra
1449 2019 1677 2052 Teichmuelle-

199 2083 269 2104 rum
294 2073 612 2114 argumentationem,
636 2082 730 2113 quam
754 2072 834 2104 mihi
856 2072 983 2113 quidem
1006 2083 1068 2105 non
1091 2073 1237 2114 probavit
1259 2074 1301 2114 (d.
1326 2074 1368 2114 pl.
1392 2073 1445 2105 Fr.
1471 2074 1554 2115 146).

308 2138 333 2177 2)
356 2136 423 2168 Nec
444 2136 559 2168 fefellit
574 2136 752 2168 Krohnium
775 2137 852 2169 haec
868 2136 1001 2169 duarum
1025 2138 1183 2170 rationum
1200 2138 1359 2178 copulatio
1381 2137 1424 2178 (d.
1438 2137 1481 2178 pl.
1493 2137 1539 2169 St.
1554 2147 1584 2177 p.
1599 2138 1677 2170 109:
1739 2139 1743 2142 “

200 2190 277 2222 Hier
292 2190 414 2222 werden
431 2190 499 2222 also
521 2190 579 2222 das
594 2190 778 2232 psychische
793 2190 1005 2232 Paradeigma
1027 2190 1093 2223 und
1108 2191 1166 2223 das
1181 2190 1437 2233 metaphysische
1459 2187 1498 2222 ὄν
1519 2191 1627 2233 arglos
1644 2191 1678 2231 (!)

200 2243 410 2285 ooordiniert),
441 2245 532 2276 cuius
560 2245 605 2276 rei
640 2244 700 2277 sibi
733 2254 884 2285 perquam
916 2244 1131 2277 incommodae
1165 2246 1203 2276 ut
1231 2245 1370 2286 aliquam
1410 2245 1523 2277 afferat
1551 2254 1679 2277 excusa-

199 2298 328 2338 tionem,
360 2298 427 2329 sine
458 2298 527 2330 ulla
559 2298 624 2330 alia
652 2308 748 2342 causa
776 2298 955 2339 suspicatur
982 2300 1086 2330 totum
1115 2298 1189 2330 libri
1220 2299 1299 2330 sexti
1330 2298 1491 2330 exordium
1521 2298 1680 2330 confusius

200 2350 355 2391 scriptum
385 2360 461 2382 esse.
516 2350 680 2382 Summam
711 2351 849 2391 profecto
877 2361 944 2382 esse
972 2351 1005 2382 in
1034 2361 1069 2382 eo
1098 2351 1282 2391 disputandi
1307 2351 1553 2382 inconstantiam
1584 2353 1679 2390 atque

202 2403 437 2445 inelegantiam,
462 2413 542 2445 quac
564 2414 583 2436 a
606 2403 760 2436 scabendi
784 2404 989 2446 simplicitate
1011 2406 1106 2445 atque
1129 2404 1290 2446 elegantia
1312 2405 1342 2436 111
1368 2405 1398 2436 V
1413 2404 1494 2436 libro
1517 2404 1681 2445 perspicua

201 2457 279 2489 adeo
314 2458 483 2490 abhorreat
512 2461 549 2490 ut
578 2459 667 2490 nulla
697 2459 818 2491 ratione
840 2459 1004 2490 Platonem
1035 2459 1092 2491 illa
1126 2469 1196 2506 cum
1227 2460 1462 2499 conscripsisset
1491 2459 1581 2498 plane
1612 2469 1680 2498 pei·-

201 2514 308 2550 1pecta
331 2511 478 2543 habuisse
501 2511 627 2543 concedi
650 2513 761 2551 possit.

1430 2561 1486 2603 ⁴2*
