1786 2742
897 77 949 113 48

179 201 235 240 illi
278 201 417 240 bonam
463 201 661 240 hominum
702 202 1017 241 existimationem
1061 205 1099 242 et
1140 205 1264 243 cetera
1305 205 1459 243 externa
1500 205 1668 244 iustitiae

180 266 348 315 praemia
377 266 425 304 ab
452 266 616 305 oratione
645 266 808 305 Socratis
848 268 973 316 procul
1009 268 1140 306 abesse
1177 269 1317 314 volunt,
1354 260 1531 318 quoniam
1558 270 1669 308 iusti·

181 330 257 368 tiae
286 332 324 368 et
350 330 602 380 improbitatis
631 342 704 368 nou
732 331 764 368 is
792 331 937 369 fruetus
966 343 1079 381 quem
1108 332 1208 381 apud
1235 333 1404 372 homines
1432 335 1591 383 utraque
1616 334 1668 372 sit

180 394 355 432 habitura
384 394 601 443 exquiritur,
628 386 729 431 ἀλλὰ
766 391 807 432 τί
834 393 1009 433 ποιοῦσα
1037 392 1202 448 ἑκατέρα
1228 390 1296 434 τὸν
1324 393 1461 445 ἔχοντα
1488 389 1583 449 αὐτὴ
1611 389 1665 436 δι’

179 450 297 510 αὖτὴν
330 451 353 510 ἡ
387 455 460 507 μὲν
496 452 629 506 κακόν,
664 451 687 510 ἡ
723 456 768 497 δὲ
804 451 964 510 ἆγαθόν
991 456 1109 498 ἐστιν.
1172 453 1244 507 τὰς
1271 458 1316 499 δὲ
1344 454 1462 509 δόξας
1489 454 1663 515 ἀφαίρει,

180 515 316 574 ὥσπερ
351 516 534 561 Γλαύκων
561 517 830 562 διεκελεύσατο
858 524 911 573 (ΙΙ
940 525 1017 563 367
1046 525 1106 574 Β).

288 586 385 625 Cum
420 589 550 626 autem
578 589 754 626 octavum
781 589 820 626 et
847 599 988 626 nouum
1016 588 1155 627 librum
1182 600 1206 627 a
1233 590 1354 639 primo
1382 589 1547 628 Platonis
1576 590 1666 628 scri-

179 651 291 689 bendi
319 651 471 690 consilio
499 663 649 701 prorsus
678 652 874 691 abhorrere
900 652 1070 691 Kunerto
1105 665 1328 702 persuasum
1355 656 1465 699 esset,
1493 654 1664 703 perfacile

179 715 359 752 nimirum
386 717 532 764 poterat
560 715 705 754 evenire
723 717 768 753 ut
796 716 912 753 etiam
939 716 1100 765 priorem
1123 717 1233 755 illum
1251 718 1376 756 locum
1410 717 1463 755 IV
1483 718 1560 755 420
1581 718 1613 754 Β
1635 716 1663 755 C

178 779 228 818 ad
263 779 420 819 eandem
462 791 542 819 rem
587 779 839 830 pertinentem
880 780 1056 820 orationis
1098 781 1287 821 contextui
1328 780 1517 821 adversari
1557 781 1664 832 eique

177 846 307 893 postea
334 844 499 882 inditum
527 856 550 882 a
578 844 732 882 Platone
752 856 833 883 esse
853 847 1048 883 statueret.
1105 845 1228 893 Quam
1246 846 1458 895 opinionem
1486 847 1663 895 quoniam

176 907 286 946 iustis
325 907 449 946 causis
486 907 640 947 destitui
677 908 929 958 superioribus
963 909 1117 958 probare
1153 909 1278 948 conati
1313 920 1462 956 sumus,
1497 921 1544 949 ne
1570 909 1663 948 illud

177 972 330 1021 quidem
371 972 433 1010 hic
475 972 677 1020 adiungere
706 973 777 1011 erit
817 973 962 1019 inutile,
999 973 1090 1012 nihil
1138 985 1218 1012 esse
1263 974 1361 1022 quod
1402 974 1662 1023 philosophum

177 1046 402 1085 magnopere
430 1035 577 1074 mireris
614 1036 652 1073 in
687 1036 812 1074 media
849 1036 894 1074 de
929 1038 1067 1075 natura
1104 1037 1268 1075 iustitiae
1296 1037 1546 1086 disputatione
1573 1037 1663 1075 data

177 1100 368 1138 occasione
396 1100 560 1138 alterum
588 1100 772 1149 attingere
809 1100 893 1137 libri
921 1102 1199 1148 argumentum.
1266 1100 1366 1139 Nam
1403 1112 1491 1139 cum
1526 1100 1664 1150 prima—

176 1164 274 1201 riam
303 1175 384 1202 esse
413 1164 672 1212 quaestionem
701 1164 746 1201 de
774 1164 940 1202 utilitate
968 1164 1133 1203 iustitiae
1153 1166 1265 1213 atque
1293 1164 1375 1202 ideo
1403 1167 1554 1203 tantum
1583 1165 1662 1202 eius

178 1230 356 1266 naturam
392 1238 437 1266 ac
475 1228 658 1267 rationem
694 1228 922 1276 investigari,
953 1240 1025 1277 quo
1054 1229 1190 1267 clarius
1220 1230 1332 1277 atque
1362 1228 1568 1267 evidentius
1596 1228 1663 1266 illa

178 1293 342 1337 eluceat,
379 1292 583 1331 identidem
618 1293 820 1342 explicetur
855 1292 909 1341 (ΙΙ
951 1294 1027 1331 367
1065 1293 1093 1330 Ε
1133 1293 1258 1343 alibi),
1294 1293 1397 1331 nullo
1426 1295 1525 1331 certe
1553 1292 1662 1331 modo

177 1358 301 1405 potest
327 1355 510 1394 offendere
539 1356 637 1404 quod
666 1356 907 1405 philosophus
935 1357 1025 1402 iam,
1054 1358 1258 1405 antequam
1283 1357 1332 1394 ad
1359 1356 1600 1405 principalem
1620 1356 1666 1394 de

175 1420 382 1458 honestatis
410 1419 573 1457 utilitate
602 1420 727 1457 locum
756 1420 924 1465 accessit,
962 1421 1131 1458 mentem
1159 1420 1496 1468 cogitationemque
1533 1430 1575 1458 eo
1602 1430 1665 1468 op-

175 1484 404 1533 portunitate
432 1495 525 1522 usus
554 1484 745 1522 convertit.

284 1548 418 1586 Restat
452 1547 498 1585 de
540 1558 615 1596 qua
643 1547 682 1585 in
709 1548 781 1585 hac
809 1549 914 1596 parte
943 1547 1090 1585 dicatur
1117 1548 1192 1585 alia
1219 1547 1380 1585 Kunerti
1407 1558 1534 1585 causa.
1591 1546 1663 1594 Qui

176 1624 265 1651 cum
294 1611 342 1661 (p.
374 1612 440 1661 31)
469 1623 543 1649 non
571 1611 705 1661 inepte,
734 1613 778 1649 ut
805 1611 899 1649 mihi
926 1611 1085 1656 videtur,
1113 1611 1153 1649 in
1181 1613 1284 1650 sexto
1318 1613 1356 1649 et
1386 1610 1543 1660 septimo
1570 1611 1663 1649 libro

174 1676 340 1714 iustitiae
368 1674 535 1713 fructum
563 1675 633 1720 vel,
661 1677 705 1713 ut
740 1675 818 1724 ipse
856 1675 957 1720 dicit,
985 1686 1089 1723 opuS‚
1118 1675 1216 1723 quod
1243 1675 1422 1713 felicitate
1451 1674 1590 1713 scilicet
1617 1685 1661 1712 ac

175 1739 407 1779 beatitudine
436 1751 456 1778 e
484 1739 575 1777 iusti
602 1739 822 1789 honestique
851 1737 974 1777 studio
1002 1738 1235 1777 redundante
1264 1738 1475 1777 continetur
1504 1738 1564 1787 (cf.
1590 1737 1662 1776 VII

177 1805 251 1842 541
283 1805 316 1841 A
345 1803 405 1853 Β),
444 1804 631 1842 enucleari
674 1804 785 1849 dicat,
823 1805 964 1841 restare
1000 1805 1111 1852 putat
1137 1803 1176 1841 in
1204 1803 1302 1852 quod
1330 1803 1542 1851 inquiratur
1568 1813 1660 1851 opus

175 1942 276 1972 nestis
298 1951 317 1972 a
348 1940 415 1972 deis
447 1940 689 1979 hominibusque
719 1939 918 1979 obtingentia
946 1940 977 1970 in
1008 1939 1265 1979 disceptationem
1298 1941 1400 1979 vocet,
1430 1939 1601 1971 Glauconis
1630 1940 1663 1970 et

175 1993 344 2027 Adimanti
368 1992 622 2026 adhortationem
647 1992 773 2034 sae-pius
797 1992 983 2034 repetitam:
1013 1989 1158 2034 μισθούς
1178 2004 1215 2023 τε
1236 1995 1290 2023 καὶ
1315 1990 1410 2028 δόξας
1431 1989 1533 2034 πάρες
1555 1988 1662 2024 ἄλλοις

175 2051 323 2079 ἐπαινεῖν
351 2048 478 2088 neglegi
507 2057 544 2078 ac
574 2047 688 2078 vitium
712 2048 822 2078 contra
844 2049 944 2078 artem
977 2048 1009 2077 et
1030 2046 1221 2085 elegantiam
1252 2046 1408 2078 committi
1439 2045 1526 2078 dicit.
1571 2044 1661 2084 Quod

176 2101 307 2132 minime
328 2099 554 2140 reprehendere
577 2099 696 2133 debuit.
742 2099 867 2130 Etenim
893 2098 1021 2130 crebrae
1043 2098 1118 2130 illae
1141 2097 1273 2130 duorum
1298 2098 1445 2129 iuvenum
1469 2097 1660 2129 admonitio-

174 2163 229 2185 nes
252 2163 287 2186 eo
310 2154 458 2194 spectant
479 2162 517 2184 ne
540 2151 671 2184 virtutis
693 2151 891 2193 praestantia
907 2150 1075 2183 dumtaxat
1097 2152 1243 2183 externae
1265 2150 1418 2183 utilitatis
1439 2149 1659 2182 emolumenti-

174 2216 235 2247 que
257 2206 348 2246 copia
370 2215 407 2237 ex
429 2215 467 2237 ea
489 2204 685 2237 redundante
708 2206 889 2244 censeatur,
920 2204 1084 2236 felicitatis
1112 2214 1184 2235 vero
1214 2213 1251 2235 ac
1274 2204 1438 2235 beatitatis
1464 2202 1660 2235 abundantia

174 2270 269 2302 quam
294 2259 419 2292 omissis
442 2259 605 2291 hominum
629 2257 830 2299 opinionibus
860 2267 916 2298 per
938 2268 971 2290 se
992 2258 1062 2299 ipsa
1092 2257 1142 2289 sui
1176 2256 1328 2289 studiosis
1358 2256 1485 2289 afferret
1519 2257 1660 2288 contem—

174 2316 279 2347 natur.
325 2314 406 2345 Cum
431 2314 536 2345 autem
561 2312 813 2345 demonstratum
838 2313 920 2344 esset
942 2311 1101 2344 iustitiam
1119 2312 1254 2352 ‘propria
1276 2313 1391 2343 natura
1421 2312 1453 2342 et
1474 2310 1578 2342 indole
1601 2319 1659 2341 sua

175 2367 311 2399 salutem
336 2366 518 2398 hominibus
540 2375 636 2406 quam
659 2365 842 2405 maximam,
864 2364 1057 2396 iniustitiam
1081 2364 1377 2404 perniciosissimam
1402 2365 1520 2404 pestem
1538 2363 1659 2403 afferre,

171 2421 299 2451 tantum
330 2419 441 2451 aberat
471 2421 508 2450 ut
538 2420 669 2450 externa
697 2427 820 2458 quoque
851 2427 959 2449 earum
995 2418 1053 2449 aut
1074 2416 1237 2449 commoda
1267 2418 1325 2449 aut
1347 2415 1463 2448 damna
1486 2415 1659 2447 describere

174 2473 275 2504 divini
301 2473 404 2513 operis
426 2472 489 2504 arti
512 2481 549 2503 ac
571 2471 791 2511 compositioni
814 2470 880 2501 ullo
895 2470 989 2502 modo
1004 2470 1153 2511 officeret,
1177 2472 1213 2501 ut
1228 2470 1336 2501 nullus
1353 2468 1492 2509 profecto
1507 2468 1660 2500 orationis

174 2526 248 2558 finis
272 2525 312 2558 ad
336 2525 517 2566 philosophi
539 2524 705 2557 consilium
729 2525 812 2556 esset
834 2522 1108 2556 accommodatior.
