1786 2742
860 45 910 85 43

247 177 298 214 At
326 187 419 220 vero,
440 175 561 225 inquit
579 175 771 214 Kunertus
802 174 850 225 (p.
881 175 959 226 25),
989 175 1060 214 etsi
1089 174 1244 213 ultimus
1273 174 1438 224 primum
1466 174 1616 223 respicit

139 241 295 283 librum,
333 242 460 279 tamen
495 252 569 278 non
605 251 755 279 necesse
789 242 864 285 est,
902 252 990 278 cum
1018 240 1123 278 Plato
1159 240 1306 278 initium
1336 239 1491 277 Politiae
1519 251 1619 278 com-

139 306 311 353 poneret,
346 305 380 342 ei
421 305 498 342 iam
540 305 680 343 exitum
721 304 840 353 operis
881 304 1053 342 distincte
1087 315 1167 342 esse
1203 305 1450 342 obversatum.
1514 303 1619 351 Quae

141 369 236 406 ratio
277 368 379 406 haud
427 369 502 406 scio
531 379 578 406 an
606 369 799 413 reiciatur,
840 368 872 406 si
913 368 1022 406 modo
1056 368 1220 416 dialogos
1262 367 1326 416 qui
1367 368 1621 406 inscribuntur

141 431 297 480 Gorgias
326 434 363 471 et
382 432 530 469 Phaedo
550 432 651 480 quali
678 432 919 481 perorationis
939 434 1158 479 argumento
1187 433 1343 469 utantur
1370 433 1481 480 paulo
1511 443 1621 470 accu-

139 496 258 534 ratius
287 496 633 534 examinaverimus.
698 495 796 534 Nam
825 507 912 534 cum
944 507 1094 545 prorsus
1123 496 1293 533 similiter
1321 507 1364 534 ac
1392 496 1616 545 Respublica

138 560 179 598 in
220 560 294 598 fine
330 560 590 609 disputationis
625 560 865 608 magnificam
902 560 947 598 de
981 560 1130 598 fortuna
1166 560 1298 608 cuique
1334 562 1417 609 post
1458 562 1617 598 mortem

140 624 328 663 destinata
356 625 610 663 narrationem
638 625 863 669 contineant,
892 636 964 663 non
984 626 1122 663 temere
1142 636 1184 662 ex
1212 625 1282 662 hac
1311 624 1553 662 similitudine
1573 624 1619 662 de

139 689 376 738 Reipublicae
405 689 505 727 exitu
534 689 680 727 videtur
706 689 887 727 iudicium
914 689 1003 727 fieri.
1061 688 1156 727 Cum
1183 689 1298 736 igitur
1326 689 1474 728 Phaedo
1503 689 1621 727 dialo-

138 763 209 801 gus
254 753 295 790 in
337 753 452 791 animi
490 755 626 791 natura
662 755 774 802 atque
812 753 1094 807 immortalitate
1130 755 1315 797 versetur,
1355 752 1510 801 Gorgias
1547 753 1619 791 hoc

138 817 334 866 praecipue
362 818 591 866 propositum
629 818 765 856 habeat
813 819 857 855 ut
890 829 964 855 non
992 818 1221 866 voluptatem
1264 817 1375 866 (quae
1413 817 1506 855 ratio
1536 819 1617 855 erat

140 880 427 931 sophistarum),
464 881 528 919 sed
571 881 688 919 solam
732 881 908 919 virtutem
953 892 1036 919 esse
1075 881 1214 918 bonum
1257 881 1409 929 ideoque
1451 881 1618 918 omnium

139 945 301 982 maxime
329 945 522 983 colendam
551 947 663 994 atque
692 945 937 995 appetendam
966 945 1166 990 evincatur,
1196 957 1316 983 nonne
1345 947 1382 983 et
1408 946 1448 982 in
1477 946 1539 983 illo
1567 946 1619 983 rei

139 1008 325 1058 expositae
368 1009 530 1047 maxime
565 1011 623 1047 est
650 1011 942 1048 consentaneum
971 1009 1067 1059 quod
1096 1009 1217 1047 fatum
1246 1009 1390 1047 animos
1419 1009 1619 1054 humanos,

140 1084 231 1122 quos
268 1084 349 1111 esse
386 1073 615 1112 immortales
658 1074 734 1111 iam
773 1074 1072 1112 demonstratum
1114 1076 1188 1118 est,
1232 1074 1444 1123 corporibus
1487 1073 1618 1112 deletis

137 1138 291 1175 maneat
330 1137 481 1176 uberius
522 1138 719 1187 explicare,
762 1138 802 1176 in
837 1138 906 1176 hoc
942 1139 1069 1176 autem
1105 1138 1256 1176 ullusne
1284 1137 1442 1176 orationi
1470 1139 1617 1187 poterat

139 1202 258 1250 aptior
291 1202 431 1250 imponi
465 1202 550 1240 finis
587 1214 702 1251 quam
741 1214 813 1251 quo
852 1202 900 1240 ad
937 1202 1083 1241 honesti
1118 1202 1303 1248 studium,
1343 1203 1440 1251 quod
1473 1205 1620 1251 praeter

139 1264 265 1303 omnia
293 1265 595 1315 amplectendum
623 1277 703 1304 esse
723 1266 986 1304 confirmatum
1013 1268 1102 1311 erat,
1123 1266 1291 1304 homines
1311 1266 1620 1315 impellerentur?

142 1330 271 1379 Neque
299 1331 407 1369 aliter
434 1331 473 1369 in
501 1331 715 1380 Republica.
781 1331 871 1370 Eius
907 1331 1008 1369 enim
1046 1343 1196 1370 summa
1234 1343 1320 1369 cum
1362 1331 1402 1369 in
1430 1343 1471 1370 eo
1500 1330 1620 1381 posita

141 1396 240 1431 esset
288 1395 332 1431 ut
375 1395 542 1432 iustitiae
584 1395 677 1432 ratio
720 1397 757 1432 et
791 1395 936 1433 utilitas
973 1396 1234 1444 exploraretur,
1271 1396 1334 1443 qui
1368 1397 1513 1444 poterat
1540 1397 1620 1433 tota

140 1458 356 1507 quaestione
383 1461 534 1508 peracta
562 1459 652 1497 iusti
680 1458 847 1497 studium
867 1459 1083 1497 hominibus
1104 1459 1248 1498 enixius
1277 1470 1321 1497 ac
1348 1459 1498 1508 gravius
1522 1470 1622 1497 com-

140 1522 311 1559 mendari
348 1534 463 1570 quam
491 1523 699 1561 clarissima
726 1523 790 1560 illa
826 1523 952 1560 iudicii
991 1524 1156 1567 extremi,
1195 1523 1292 1572 quod
1321 1535 1429 1561 nemo
1459 1523 1619 1571 effugere

141 1586 276 1635 posset,
304 1585 466 1634 imagine
495 1588 581 1625 ante
609 1586 734 1625 oculos
762 1586 908 1636 posita?
954 1586 1086 1636 Itaque
1114 1587 1319 1631 Platonem,
1348 1598 1435 1625 cum
1464 1586 1618 1624 Politiae

142 1649 356 1688 scribendae
389 1650 539 1689 initium
573 1650 729 1695 faceret,
765 1651 853 1700 quid
887 1652 924 1689 in
961 1652 1033 1689 fine
1068 1652 1186 1701 operis
1216 1652 1409 1690 collocaret
1448 1651 1617 1689 nondum

141 1713 266 1752 animo
308 1714 546 1752 constituisse
585 1726 659 1752 non
702 1716 823 1763 magis
867 1727 1024 1753 assensu
1060 1716 1262 1764 approbare
1298 1716 1466 1763 cogimur
1503 1727 1618 1764 quam

141 1777 242 1815 idem
282 1777 327 1816 de
363 1778 559 1817 Phaedone
600 1780 638 1817 et
676 1778 814 1827 Gorgia
856 1779 1105 1818 concedimus.
1176 1779 1224 1817 Et
1259 1780 1346 1818 licet
1379 1780 1491 1817 finem
1520 1779 1552 1818 ei
1580 1779 1619 1816 in

141 1841 246 1879 initio
274 1841 512 1880 obversatum
540 1853 621 1880 esse
649 1842 759 1880 certis
788 1843 912 1880 causis
941 1843 1057 1880 evinci
1089 1845 1260 1892 nequeat,
1289 1844 1516 1881 contrarium
1545 1854 1619 1880 non

141 1905 262 1954 magis
290 1906 421 1955 potest.

249 1979 320 2017 Sed
350 1980 545 2017 Platonem
578 1991 666 2017 cum
703 1981 879 2018 scriberet
913 1993 985 2017 non
1021 1981 1136 2018 semel
1170 1982 1224 2018 ait
1259 1981 1449 2018 Krohnius
1490 1982 1539 2028 (d.
1569 1982 1619 2029 pl.

141 2042 199 2082 Fr.
228 2055 262 2094 p.
293 2044 332 2095 6)
375 2044 580 2083 mutavisse
622 2043 827 2082 consilium.
907 2044 1005 2082 Nam
1047 2055 1134 2082 cum
1175 2045 1294 2094 primo
1336 2044 1521 2083 iustitiam
1564 2045 1620 2083 in-

141 2108 400 2156 iustitiamque
428 2109 469 2145 in
497 2109 628 2146 eadem
656 2110 844 2157 republica
862 2109 1038 2157 indagare
1066 2110 1165 2153 velit,
1195 2109 1337 2154 deinde,
1367 2112 1411 2148 ut
1435 2110 1619 2148 iniustitia

142 2173 321 2221 emergat,
354 2171 495 2209 malam
530 2171 761 2210 condendam
797 2183 877 2210 esse
912 2172 1102 2210 civitatem
1140 2172 1251 2218 dicat,
1289 2175 1417 2211 tamen
1456 2184 1543 2210 eum
1572 2184 1618 2211 ne

142 2236 212 2274 hoc
240 2235 391 2284 quidem
419 2236 549 2283 facere,
589 2235 653 2275 sed
681 2236 727 2275 de
755 2237 1007 2286 compluribus
1036 2248 1213 2286 exponere
1241 2237 1396 2276 urbibus
1424 2237 1523 2276 male
1552 2237 1618 2275 ad-

141 2299 383 2344 ministratis,
420 2299 518 2338 unde
555 2300 636 2339 luce
670 2300 805 2339 clarius
841 2302 1017 2350 appareat
1051 2301 1145 2338 haec
1184 2302 1337 2338 consilia
1371 2301 1543 2350 deinceps
1580 2301 1618 2338 in

141 2365 267 2403 mente
302 2363 509 2414 philosophi
547 2365 688 2403 sensim
722 2377 804 2404 esse
839 2367 939 2404 nata.
1006 2365 1061 2404 De
1099 2377 1172 2414 quo
1208 2367 1252 2403 ut
1289 2365 1425 2405 certius
1462 2364 1619 2403 iudicari

140 2428 267 2476 possit,
302 2438 452 2466 necesse
489 2430 547 2466 est
581 2429 682 2466 locos
718 2429 852 2478 quibus
889 2429 934 2466 de
961 2429 1106 2466 iustitia
1134 2431 1172 2467 et
1198 2430 1434 2478 improbitate
1462 2430 1501 2466 in
1529 2429 1618 2466 civi-

143 2491 221 2531 tate
248 2491 507 2542 investiganda
528 2492 668 2532 mentio
700 2492 744 2532 fit
770 2504 900 2532 omnes
927 2492 966 2531 in
994 2504 1114 2532 unum
1142 2492 1308 2532 conferri.
1365 2492 1461 2531 Sunt
1489 2494 1617 2532 autem
