1786 2742
888 50 937 85 ‘21

170 181 343 218 temnens
370 176 610 226 philosophus
645 177 791 225 praeter
827 175 1077 225 cognitionem
1112 186 1175 214 eas
1204 186 1298 225 quas
1325 175 1365 214 in
1393 177 1525 224 quarto
1554 176 1647 215 libro

170 242 303 281 extulit
330 240 487 279 virtutes
517 234 628 291 ἐγγύς
654 253 694 277 τι
722 234 822 277 εἶναι
849 237 927 277 τῶν
945 237 1014 277 τοῦ
1041 233 1225 288 σώματος
1253 240 1342 289 (VII
1371 240 1448 277 518
1477 240 1526 290 D)
1547 240 1647 279 dicit.

172 305 279 353 Quod
307 316 373 343 nos
402 316 475 342 non
503 316 724 353 magnopere
753 304 863 342 debet
890 315 1131 342 commovere.
1187 304 1353 353 Despicit
1381 305 1483 342 enim
1510 316 1573 343 eas
1593 304 1649 342 id-

124 420 127 422 >
170 369 265 409 circo
294 368 381 419 quia
408 380 483 407 non
510 369 554 407 ut
581 368 746 408 veritatis
775 367 1049 418 cognoscendae
1086 367 1245 407 facultas
1282 369 1416 407 natura
1449 368 1580 407 insunt
1607 368 1646 407 in

172 434 383 472 hominibus
412 435 450 471 et
476 435 578 471 recta
612 435 763 471 tantum
797 433 1046 471 moderatione
1074 435 1195 481 egent,
1226 433 1290 470 sed
1318 435 1362 471 ut
1389 434 1548 482 corporis
1576 434 1649 471 vir-

170 499 271 536 tutes
309 498 397 546 apta
433 496 693 534 exercitatione
732 497 844 545 atque
880 496 1115 535 institutione
1144 496 1351 546 comparari
1378 499 1544 545 possunt.
1600 497 1649 535 Et

169 573 257 600 cum
285 561 330 599 de
359 561 492 599 divinis
520 561 685 599 iustitiae
714 563 751 599 et
777 561 897 599 omnis
928 561 1074 599 virtutis
1101 560 1194 599 ideis
1221 561 1260 598 in
1288 561 1483 599 hominum
1511 562 1646 600 animis

168 625 365 673 infigendis
395 625 588 674 exponitur
616 624 684 673 (VI
713 625 789 663 500
818 624 881 674 D),
909 626 1069 674 putasne
1088 625 1156 662 hoc
1175 625 1284 662 aliter
1302 625 1382 663 fieri
1409 625 1481 663 nisi
1509 625 1646 664 civium

167 689 373 729 eruditione
401 691 439 729 et
466 689 737 735 exercitatione,
766 689 943 739 quoniam
970 701 1058 728 vera
1086 689 1241 728 scientia
1277 689 1345 728 soli
1372 691 1532 729 utuntur
1568 691 1647 741 phi-

166 754 333 803 losophi?
379 754 460 792 Hac
488 754 640 803 quidem
667 754 783 802 igitur
811 765 855 792 ex
880 756 985 803 parte
1013 754 1376 802 argumentationem
1404 756 1572 793 nostram
1598 767 1646 794 ne

167 818 368 857 minimum
396 818 547 868 quidem
574 818 791 858 labefactari
818 830 884 868 pro
912 819 1011 857 certo
1038 817 1231 857 habemus.

275 882 382 930 Quod
411 883 443 921 si
470 884 569 921 recte
598 883 884 932 disputavimus,
918 883 1013 921 duae
1041 894 1101 921 res
1128 884 1205 921 iam
1234 883 1442 932 exploratae
1471 886 1579 922 sunt:
1609 887 1647 923 et

166 947 271 986 illam
306 946 498 986 civitatem
532 946 696 986 Platonis
732 946 1034 986 commenticiam
1068 947 1106 985 in
1141 946 1225 986 idea
1258 947 1344 986 boni
1372 958 1415 986 ac
1442 947 1530 987 iusti
1559 960 1648 987 con-

168 1000 298 1050 sistere
326 1013 364 1050 et
390 1012 555 1050 iustitiae
583 1012 703 1060 qualis
724 1012 771 1049 -in
799 1012 891 1050 libro
911 1013 1041 1060 quarto
1061 1012 1277 1061 explanetur
1296 1012 1385 1060 quin
1413 1013 1537 1051 ideam
1564 1025 1645 1052 esse

167 1075 337 1113 dicamus
365 1075 459 1113 nihil
486 1075 635 1113 omnino
663 1075 853 1124 impedire.
920 1074 994 1113 Sed
1030 1076 1110 1113 tota
1144 1076 1236 1114 haec
1270 1075 1315 1114 de
1342 1075 1461 1125 priore
1490 1075 1645 1115 Politiae

164 1140 269 1189 parte
305 1139 456 1189 (I—v)
494 1139 697 1189 disputatio
735 1150 822 1177 cum
860 1139 1090 1188 argumentis
1125 1140 1270 1178 nitatur
1305 1152 1348 1178 ex
1383 1141 1644 1190 posterioribus

167 1203 270 1240 libris
307 1204 453 1252 petitis,
493 1203 660 1241 nondum
697 1203 860 1252 undique
900 1204 1077 1241 subversa
1105 1206 1162 1241 est
1191 1215 1285 1252 quae
1314 1204 1361 1241 ad
1388 1216 1468 1242 rem
1497 1205 1542 1243 de
1570 1217 1645 1254 qua

170 1267 295 1315 agitur
330 1267 483 1305 maximi
512 1267 692 1305 momenti
728 1269 785 1305 est
811 1267 968 1305 Krohnii
996 1268 1180 1305 sententia
1209 1268 1409 1306 statuentis
1438 1268 1644 1315 Platonem,

169 1332 375 1379 antequam
402 1331 541 1369 librum
570 1333 717 1369 sextum
738 1332 994 1381 composuerit,
1014 1331 1251 1370 nullamdum
1271 1332 1440 1370 idearum
1468 1333 1644 1371 habuisse

164 1395 384 1445 notitiam1).
455 1395 581 1443 Quam
623 1395 912 1434 controversiam
954 1407 1028 1434 non
1069 1407 1175 1446 posse
1212 1396 1406 1435 diiudicari
1441 1397 1513 1435 nisi
1554 1397 1644 1447 ipsis

166 1459 349 1508 prioribus
387 1459 488 1498 libris
525 1461 697 1498 accurate
733 1460 955 1498 examinatis
992 1460 1076 1509 quis
1112 1472 1186 1498 non
1218 1460 1346 1499 videt?
1399 1461 1449 1499 Et
1481 1462 1644 1511 primum

168 1524 319 1572 quidem
348 1535 483 1562 causae
512 1524 550 1561 in
578 1525 676 1562 hanc
703 1536 784 1562 rem
812 1535 834 1562 a
853 1524 1019 1563 Krohnio
1040 1525 1175 1563 allatae
1195 1525 1353 1563 breviter
1374 1526 1643 1564 examinandae

166 1589 265 1625 sunt.
328 1587 430 1625 Dicit
457 1588 557 1626 enim
583 1588 754 1625 idearum
782 1588 820 1625 111
850 1588 1014 1636 quinque
1050 1589 1233 1637 prioribus
1261 1589 1415 1626 Politiae
1443 1590 1547 1627 libris
1575 1601 1643 1628 nec

165 1651 288 1689 volam
314 1651 470 1689 inveniri
498 1662 567 1689 nec
594 1651 803 1700 vestigium.
860 1651 940 1690 Hoc
967 1653 1011 1690 ut
1038 1652 1092 1690 ita
1112 1663 1150 1690 se
1170 1652 1317 1698 habeat,
1346 1655 1475 1691 tamen
1503 1664 1643 1703 nequa-

165 1727 280 1765 quam
308 1727 352 1754 ex
380 1727 422 1754 eo
451 1716 609 1754 efficitur
637 1716 735 1765 quod
762 1716 952 1755 Krohnius
981 1717 1124 1756 efficere
1152 1717 1285 1763 voluit,
1323 1719 1367 1756 ut
1403 1718 1642 1768 philosophus

163 1780 225 1817 illo
268 1782 433 1829 tempore
472 1780 575 1818 ideas
617 1781 784 1818 nondum
825 1783 952 1819 mente
986 1781 1307 1831 comprehendisse
1349 1782 1539 1831 putandus
1582 1783 1642 1821 sit.

163 1842 331 1881 Alteram
360 1855 514 1882 causam
542 1844 628 1882 inde
657 1844 810 1882 ductam
839 1845 947 1894 quod,
984 1845 1015 1883 si
1043 1846 1164 1883 omnis
1192 1846 1311 1884 virtus
1339 1846 1377 1883 in
1406 1846 1482 1884 solo
1518 1847 1640 1885 inesse

162 1908 286 1945 animo
314 1908 489 1955 fingatur,
518 1919 592 1946 non
619 1909 736 1957 possit
764 1902 932 1947 eiusdem
959 1909 1112 1957 cogitari
1141 1910 1187 1947 ab
1216 1910 1340 1948 animo
1369 1910 1538 1948 seiuncta
1559 1923 1641 1960 spe-

161 1971 257 2016 cies,
296 1972 387 2010 satis
423 1971 601 2010 refellisse
639 1972 743 2010 nobis
782 1972 961 2011 videmur.
1017 1972 1149 2022 Itaque
1178 1973 1255 2011 iam
1282 1973 1320 2011 in
1349 1985 1390 2012 eo
1418 1974 1639 2024 disceptatio

161 2035 317 2073 vertitur
343 2037 471 2073 nostra
506 2037 550 2073 ut
587 2036 801 2085 philosopho
835 2036 1004 2074 idearum
1042 2037 1250 2075 doctrinam
1285 2038 1363 2075 iam
1390 2038 1428 2075 in
1456 2038 1639 2086 perfectae

161 2098 322 2137 civitatis
356 2099 519 2147 imagine
557 2110 652 2148 quae
689 2111 711 2138 a
748 2099 910 2138 secundo
944 2111 1065 2149 usque
1095 2100 1142 2139 ad
1170 2101 1344 2150 quintum
1373 2102 1512 2140 librum
1540 2103 1640 2141 exhi-

160 2163 270 2202 betur
298 2162 506 2212 effingenda
534 2164 721 2212 cognitam
749 2166 1055 2214 perspectamque
1083 2165 1198 2204 fuisse
1233 2177 1276 2205 ex
1302 2166 1384 2216 ipsa
1412 2166 1491 2205 eius
1520 2167 1637 2216 partis

159 2229 296 2265 natura
325 2229 437 2275 atque
464 2228 588 2266 indole
616 2228 907 2276 comprobemus.

267 2290 382 2329 Recte
410 2290 611 2337 Krohnius,
640 2293 684 2330 ut
710 2291 803 2329 mihi
831 2291 981 2341 quidem
1009 2292 1166 2339 videtur,
1194 2293 1233 2331 in
1260 2293 1437 2343 principio
1465 2293 1553 2332 libri
1580 2295 1638 2333 sui

161 2353 241 2402 (der
259 2355 309 2403 pl.
332 2354 385 2393 St.
407 2356 473 2403 51)
504 2356 650 2404 exponit
678 2356 871 2394 Platonem
898 2357 939 2394 in
957 2357 1078 2405 prima
1097 2357 1334 2406 Reipublicae
1354 2358 1635 2397 adumbratione

269 2504 293 2543 1)
315 2504 353 2535 D.
377 2504 420 2543 pl.
445 2504 491 2535 st.
514 2514 544 2543 p.
568 2505 620 2544 46,
643 2505 695 2544 48,
719 2505 769 2536 63.
