1786 2742
832 67 884 103 20

116 189 316 229 θὲστατον
343 182 657 241 ἀποβλέποντες)
685 192 910 242 philosophis
949 193 988 230 in
1016 193 1164 232 civitate
1191 194 1291 232 iusta
1319 196 1357 233 et
1385 194 1480 232 bona
1519 194 1601 243 lege

117 255 320 292 sancienda
349 256 435 300 sint,
465 257 611 304 oportet
638 255 800 305 profecto
838 268 919 294 esse
957 257 1048 294 illud
1078 257 1312 295 verissimum
1340 258 1526 307 exemplar
1553 258 1601 295 ad

114 318 211 366 quod
240 319 305 356 illa
333 321 543 367 temperent
572 322 684 368 atque
713 320 947 357 constituant
989 320 1078 357 iusti
1108 323 1145 358 et
1173 321 1261 357 boni
1287 321 1421 359 ideam.
1490 322 1600 359 Hanc

112 384 268 432 apparet
295 382 475 422 intuendo
513 385 551 422 et
579 384 862 434 contemplando
897 384 1032 423 animis
1070 396 1115 424 ac
1141 385 1307 424 moribus
1343 385 1458 424 inseri
1487 387 1598 435 atque

110 447 235 494 infigi,
271 448 325 484 ita
360 450 404 485 ut
440 449 490 485 sit
527 445 683 497 ἐναργὲς
719 446 759 484 ἓν
794 446 842 498 τῇ
879 446 982 499 ww?
1010 443 1274 499 παράδειγμα.
1339 449 1469 497 Neque
1498 451 1598 487 enim

112 510 204 547 talia
232 510 457 560 exemplaria
484 510 605 549 iudice
634 511 787 550 Platone
816 511 855 549 in
885 512 962 550 sola
990 514 1115 551 mente
1149 523 1193 551 ac
1221 512 1443 561 cogitatione
1471 513 1598 551 inhae-

111 586 203 620 rere,
232 575 287 613 ita
314 577 358 613 ut
386 576 434 613 ad
464 576 633 613 studium
674 577 767 614 recti
794 577 1015 625 honestique
1044 577 1285 615 excolendum
1313 578 1408 615 nihil
1434 578 1594 622 valeant,

110 638 174 676 sed
204 639 327 688 potius
354 639 394 676 in
422 639 503 688 ipsa
532 640 724 677 voluntate
754 650 798 678 ac
825 640 993 678 moribus
1023 640 1148 679 sedem
1173 641 1308 679 habere
1342 652 1451 679 suam
1480 643 1597 679 testa-

108 706 171 741 tur
211 703 295 742 libri
338 705 439 742 tertii
474 704 578 743 locus
618 704 710 754 (409
752 704 815 755 O),
854 717 927 754 quo
955 706 1103 743 illorum
1136 707 1314 744 naturam
1342 718 1386 744 ac
1413 706 1596 744 rationem

108 768 256 816 planius
299 769 386 806 licet
426 769 651 817 perspicere:
710 762 731 805 ὁ
773 766 817 805 δὲ
860 763 985 814 δεινὸς
1036 766 1183 814 ἐκεῖνος
1223 768 1291 806 καὶ
1337 763 1597 817 καχύποπτος

109 831 175 882 (Sc.
205 826 421 885 δικαστής),
453 825 624 871 ὃπολλὰ
652 824 768 879 αὐτὸς
795 824 992 885 ἠδικηκώς
1013 832 1081 871 καὶ
1110 828 1329 885 πανοῦργός
1355 847 1397 872 τε
1426 833 1493 872 καὶ
1522 846 1591 872 σο-
1629 867 1631 869 ,

107 891 186 947 φὸς
214 891 391 945 οἰόμενος
419 891 532 943 εἶναι,
564 890 657 934 ὅταν
683 895 756 945 μὲν
785 891 939 945 ὁμοίοις
968 891 1094 948 ὁμιλῇ,
1125 892 1250 943 δεινὸς
1277 895 1459 949 φαίνεται
1489 896 1593 945 ἐξευ-

105 954 354 1010 λαβουμενος,
392 954 495 1013 πρὸς
529 955 587 999 τὰ
627 957 677 999 ἓν
716 958 870 1013 ἓαυτῶ
906 958 1291 1013 παραδείγματα
1331 953 1593 1001 ἀποσκοπῶν·

107 1018 200 1062 όταν
235 1023 279 1062 δὲ
307 1017 482 1074 ἀγαθοῖς
515 1024 583 1062 καὶ
618 1023 900 1076 πρεσβυτέροις
935 1018 1008 1076 ήδη
1043 1020 1262 1076 πλησιάσῃ,
1282 1019 1510 1098 xasse'hspog
1546 1017 1594 1063 αὖ

106 1085 289 1140 φαίνεται
326 1081 510 1126 απίστῶν
546 1083 657 1140 παρὰ
692 1102 828 1140 χαίρθν
861 1102 928 1126 καί
965 1080 1115 1139 αγνοῶν
1141 1082 1248 1140 υγίὲς
1275 1079 1389 1142 ἦθος,
1426 1082 1495 1127 ἅτε
1524 1103 1594 1128 Ουκ

106 1149 203 1200 ἔχων
230 1147 557 1204 παράδειγμα
593 1151 663 1190 τοῦ
689 1167 878 1191 τοιουτου.
943 1154 1109 1192 Iudicem
1147 1154 1247 1192 enim
1275 1154 1450 1192 vitiosum
1479 1156 1592 1203 atque

103 1217 317 1266 improbum
355 1219 392 1255 et
428 1218 474 1255 ob
509 1217 548 1255 id
583 1218 708 1266 ipsum
746 1217 794 1255 ad
834 1217 1101 1266 suspicandum
1129 1218 1329 1267 proclivem
1358 1218 1464 1255 Plato
1493 1218 1592 1263 dicit,

104 1293 192 1319 cum
220 1281 294 1320 reis
323 1281 382 1319 sui
411 1281 596 1319 similibus
625 1283 766 1326 utatur,
796 1292 921 1319 acrem
950 1292 1198 1330 sagacemque
1224 1281 1442 1320 delictorum
1469 1282 1594 1330 inqui-

104 1346 256 1383 sitorem
285 1357 324 1383 se
352 1346 611 1395 praebiturum
640 1357 732 1391 esse,
761 1347 889 1395 utpote
917 1345 956 1383 in
976 1357 1019 1384 ea
1047 1357 1087 1384 re
1106 1346 1273 1395 exempla
1300 1346 1339 1383 in
1369 1346 1446 1384 suis
1472 1346 1590 1395 ipsius

100 1410 266 1448 moribus
303 1409 491 1459 proposita
528 1410 806 1459 respicientem,
851 1421 939 1448 cum
981 1421 1066 1448 vero
1109 1409 1230 1448 eidem
1270 1410 1318 1448 sit
1354 1409 1399 1448 de
1435 1410 1589 1448 sinceris

100 1474 339 1524 honestisque
366 1474 581 1512 hominibus
609 1474 668 1512 ius
697 1474 908 1520 dicendum,
938 1474 1242 1523 quandoquidem
1261 1474 1315 1512 ita
1335 1474 1587 1512 animatorum

99 1538 138 1575 in
168 1550 235 1576 suo
264 1539 413 1586 ingenio
442 1539 647 1587 specimina
675 1550 750 1576 non
778 1539 926 1583 habeat,
955 1538 1063 1577 facile
1092 1550 1198 1587 posse
1227 1538 1393 1577 accidere
1423 1540 1467 1576 ut
1484 1550 1590 1587 prae-

98 1604 245 1650 postere
282 1602 495 1651 suspicatus
532 1602 656 1640 hebeti
694 1613 738 1639 ac
780 1602 896 1639 stulto
932 1602 1078 1649 ingenio
1113 1613 1193 1639 esse
1216 1601 1414 1640 “videatur.
1484 1601 1589 1639 Haec

99 1665 164 1715 qui
199 1665 394 1713 diligenter
433 1665 721 1711 examinaverit,
758 1666 841 1704 luce
877 1665 1033 1711 clarius,
1069 1665 1205 1715 opinor,
1238 1665 1428 1714 intelleget
1456 1658 1587 1717 παρά-

99 1729 241 1781 δειγμα
270 1731 505 1769 Platonicum
540 1742 614 1769 non
642 1733 724 1769 tarn
753 1731 801 1768 ad
829 1731 1093 1779 cogitationem
1130 1742 1174 1769 ac
1200 1732 1368 1769 mentem
1397 1741 1512 1779 quam
1540 1730 1588 1768 ad

97 1806 220 1833 mores
257 1797 371 1844 atque
407 1795 570 1833 actiones
606 1795 802 1833 hominum
840 1795 1033 1844 pertinere.
1099 1794 1180 1833 Hoc
1215 1794 1336 1832 solum
1363 1794 1461 1832 inter
1488 1794 1588 1832 hunc

96 1859 221 1896 locum
257 1860 295 1896 et
330 1859 439 1897 illum
472 1859 646 1904 interest,
686 1859 785 1907 quod
821 1860 949 1896 tamen
983 1869 1057 1896 non
1087 1858 1134 1896 ad
1163 1854 1485 1909 παραδείγματος
1511 1857 1587 1895 vim

97 1933 141 1960 ac
188 1924 384 1967 naturam,
438 1923 503 1961 sed
549 1923 596 1960 ad
644 1923 784 1960 fontem
831 1924 944 1971 atque
990 1922 1171 1970 originem
1219 1923 1382 1971 spectat,
1437 1923 1480 1959 ut
1526 1921 1587 1958 hic

97 1986 170 2035 (III
198 1987 275 2024 409
306 1985 351 2036 O)
380 1986 605 2036 exemplaria
632 1987 699 2025 illa
727 1998 770 2025 ex
799 1986 898 2025 vitae
926 1998 1000 2024 usu
1028 1997 1072 2024 ac
1100 1997 1226 2024 rerum
1254 1985 1490 2034 experientia,
1512 1985 1587 2023 illic

98 2049 167 2097 (VI
195 2051 274 2087 484
304 2050 347 2100 G)
379 2062 422 2088 ex
451 2051 528 2089 sola
555 2051 727 2088 idearum
747 2051 1060 2098 contemplatione
1088 2050 1301 2087 hominibus
1330 2050 1455 2087 insint.
1504 2048 1587 2086 Iam

96 2125 180 2151 vero
209 2125 296 2152 cum
325 2115 557 2163 exploratum
595 2115 644 2152 sit
679 2126 786 2164 posse
823 2114 910 2152 boni
938 2114 1102 2162 iustique
1130 2113 1255 2151 ideam
1284 2124 1327 2151 ex
1355 2113 1433 2151 loco
1460 2112 1587 2150 invisi—

96 2178 161 2216 bili
190 2178 237 2216 ad
266 2179 410 2217 animos
438 2180 624 2217 humanos
654 2179 850 2217 transferri
877 2178 989 2227 inque
1028 2178 1080 2216 eis
1108 2177 1283 2227 imprimi,
1312 2177 1408 2215 nihil
1435 2188 1586 2226 prorsus

94 2242 243 2279 obstare
271 2243 417 2280 videtur
445 2243 536 2291 quin
573 2243 733 2280 invicem
766 2243 832 2279 illa
869 2253 964 2290 quae
1003 2242 1041 2278 in
1076 2242 1169 2278 libro
1205 2242 1337 2289 quarto
1365 2240 1587 2278 describitur

94 2305 261 2344 iustitiae
317 2306 437 2344 forma
493 2306 692 2345 extollatur
744 2317 787 2344 ex
835 2305 1051 2343 hominibus
1094 2307 1131 2343 et
1173 2304 1353 2344 ascendat
1395 2304 1435 2342 in
1477 2304 1587 2342 illum

90 2361 262 2419 ἀόρατον
288 2364 416 2407 τόπον
443 2372 480 2408 et
507 2371 591 2408 idea
620 2371 709 2407 iusti
738 2373 984 2418 nuncupetur.

203 2443 278 2483 Sed
307 2456 354 2483 ne
383 2445 437 2483 ita
456 2445 665 2484 iudicemus
695 2456 901 2495 repugnare
921 2444 1070 2483 videtur
1101 2443 1197 2482 alius
1217 2442 1458 2493 Reipublicae
1484 2442 1585 2481 locus

91 2521 164 2545 non
193 2510 308 2546 semel
337 2520 359 2545 a
387 2510 553 2546 Krohnio
588 2512 792 2557 usurpatus
829 2510 879 2557 (d.
918 2509 965 2556 pl.
995 2508 1053 2545 Fr.
1083 2520 1118 2555 p.
1148 2509 1229 2556 69),
1257 2519 1329 2554 quo
1358 2508 1466 2554 quasi
1495 2518 1582 2544 con-
