1786 2742
830 45 879 83 55

220 170 391 220 Denique
426 171 667 220 philosophus
704 170 758 209 VI
785 171 863 210 502
891 171 938 217 D,
974 171 1039 210 ubi
1074 171 1242 223 quaestio
1279 171 1325 210 de
1361 171 1590 229 principibus

114 236 237 274 denuo
266 234 478 284 suscipitur,
506 232 595 273 dicit
622 246 662 273 se
689 234 737 273 ad
765 246 850 274 eam
876 235 1021 284 partem
1039 234 1175 274 reverti
1192 234 1455 273 absolvendam
1474 245 1590 283 quam

112 301 200 338 ante
227 296 486 348 imperfectam
514 309 559 336 ac
585 308 762 337 mancam
786 298 989 347 reliquerit,
1019 298 1117 347 quod
1145 296 1296 347 quidem
1319 297 1413 336 nihil
1440 300 1498 337 est
1525 309 1593 336 cur

113 363 146 401 ei
180 373 255 401 non
289 361 500 400 credamus.
565 360 730 400 Causam
764 372 890 400 morae
918 362 1016 400 hanc
1052 361 1177 400 affert:
1225 352 1348 399 Οὗδὲν
1382 355 1429 399 τὸ
1465 355 1592 413 σοφόν

110 438 182 475 μοι
210 422 360 476 ἐγένετο
387 418 456 476 τήν
476 437 519 462 τε
544 422 622 462 τῶν
648 422 838 476 γυναικῶν
862 422 932 476 τῆς
959 418 1132 475 κτήσεως
1166 422 1440 475 δυσχέρειαν
1468 422 1509 461 ἐν
1535 422 1592 474 τῷ

114 483 297 540 προσθεν
337 482 607 539 παρώιιπθνϊι
647 487 716 525 καὶ
756 485 1017 539 παιδογονίαν
1056 502 1125 525 και
1171 482 1240 539 τὴν
1279 485 1357 525 τῶν
1398 480 1592 538 αρχόνῖαηθ

112 546 365 598 κατάστασιν,
393 545 519 588 εἰδότι
552 544 613 596 ὥς
648 545 938 622 ἒπΜίφθονός
946 564 993 588 τε
1025 564 1104 588 και
1131 545 1309 602 χαλεπη
1337 547 1590 601 γίγνεσθαι

110 608 134 667 ἦ
165 612 367 661 παντελῶς
392 607 557 667 ἇληθης·
585 629 607 652 ν
628 628 649 651 ν
675 608 749 666 γὰρ
777 606 888 652 οὐδὲν
913 628 1029 666 ηττον
1055 604 1155 666 ἦλθε
1178 608 1225 652 τὸ
1253 614 1334 653 δεῖν
1364 605 1458 652 abvc}
1486 612 1589 652 διελ-

113 680 214 717 θεῖν.
272 678 486 717 Novitatem
512 679 565 717 rei
592 681 631 717 et
652 678 832 716 invidiam
851 681 890 717 et
907 679 1167 718 difficultatem
1186 680 1453 717 commemorat
1472 679 1590 717 etiam

112 743 153 780 in
179 742 358 792 principio
392 741 477 781 libri
512 742 645 791 quinti,
678 743 744 781 ubi
772 741 953 781 Glauconi
980 744 1018 781 et
1045 742 1256 788 Adimanto‚
1288 743 1518 780 instantibus
1545 744 1591 779 ut

112 806 158 845 de
195 805 398 845 mulierum
425 806 680 856 bonorumque
721 805 981 845 communione
1022 806 1221 855 aliquando
1262 806 1432 856 pluribus
1475 805 1589 851 dicat,

112 871 203 909 haec
236 869 451 919 respondet:
491 862 587 909 Οἶον
620 863 863 921 εἰργάσασθε
898 863 1181 919 ἐπιλαβόμενοί
1214 869 1315 919 μου]
1351 862 1443 908 ὅσον
1455 863 1592 941 λὸἵον

112 927 236 972 πάλιν
269 925 405 1010 ὥσπερ
443 930 488 981 ἐξ
522 925 640 986 ἀρχῆς
687 934 828 972 κινεῖτε
877 931 969 985 περὶ
1001 931 1069 986 τῆς
1096 930 1321 980 πολιτείας]
1356 947 1401 985 ην
1437 926 1491 980 ὡς
1519 925 1591 986 ήδη

113 991 393 1049 διεληλυθώς’
377 994 497 1048 ε’γωγε
517 993 679 1049 ἒὸζαιρον,
708 990 875 1048 ἇγαπῶν
891 992 934 1036 εί
945 1011 1008 1045 τις
1027 992 1140 1037 ἐάσοι
1157 995 1280 1037 ταῦτα
1297 990 1593 1047 αποδεξάμενος

112 1055 166 1107 ὠς
205 1055 294 1100 τότε
335 1055 494 1114 ε’ῤῥήθη.
540 1076 567 1100 α
606 1058 670 1100 νῦν
710 1054 820 1111 ὑμεῖς
860 1059 1175 1113 παρακαλοῦιτες
1221 1053 1301 1100 οὐκ
1341 1057 1443 1100 ι’στε
1484 1054 1593 1099 ὅσον

112 1119 256 1174 ἐσμὸν
282 1119 430 1176 λόγων
458 1122 742 1177 ἐπεγείρετε,
780 1138 822 1163 ον
857 1118 956 1177 ὁρῶν
983 1119 1060 1176 εγὼ
1088 1123 1249 1177 παρῆκα
1275 1119 1374 1172 τότε,
1410 1120 1470 1177 μὴ
1499 1139 1592 1163 πα-

112 1183 277 1239 ράσχοι
311 1183 460 1227 πολὺν
500 1181 645 1237 όχλον.
711 1189 842 1228 Noluit
875 1190 991 1237 igitur
1017 1190 1254 1239 philosophus
1281 1190 1320 1227 iu
1348 1189 1592 1228 describenda

113 1252 304 1302 republica
331 1253 483 1302 optima,
511 1264 558 1291 ne
586 1253 759 1291 videlicet
785 1253 998 1302 argumenti
1026 1253 1246 1302 simplicitas
1274 1264 1318 1291 ac
1345 1253 1591 1302 perspicuitas

111 1317 401 1366 perturbaretur,
437 1317 531 1355 duas
568 1329 626 1356 res
653 1317 738 1355 illas
774 1319 812 1356 et
839 1318 947 1367 plane
974 1317 1163 1355 inauditas
1190 1317 1424 1366 invidiaeque
1459 1317 1587 1366 plenas

112 1383 150 1419 et
186 1382 233 1419 ob
268 1392 353 1420 eam
388 1392 469 1420 rem
504 1393 644 1430 magna
677 1381 940 1431 comprobandi
981 1382 1173 1430 diligentia
1215 1383 1365 1430 egentes
1401 1381 1508 1419 aliter
1544 1392 1588 1419 ac

111 1445 212 1483 brevi
247 1445 494 1495 perstringere
529 1448 567 1483 et
595 1446 816 1483 summatim
844 1456 1039 1494 exponere,
1076 1446 1116 1483 id
1143 1446 1182 1483 in
1210 1446 1381 1483 animum
1407 1445 1587 1484 inducens

112 1510 156 1547 ut
183 1509 305 1547 divino
332 1510 394 1547 illo
420 1509 644 1558 reipublicae
678 1509 844 1547 aedificio
880 1511 1067 1548 exstructo
1095 1509 1277 1559 copiosius
1305 1521 1368 1547 eas
1397 1511 1588 1547 tractaret.

112 1571 221 1611 Unde
263 1583 489 1622 consequens
530 1574 588 1611 est
628 1573 841 1618 Platonem,
887 1573 924 1610 id
971 1573 1070 1622 quod
1115 1575 1202 1610 ante
1248 1573 1417 1621 pluribus
1460 1575 1589 1610 contra

112 1635 325 1675 Krohnium
344 1636 587 1682 defendimus,
617 1636 745 1675 statim
764 1638 848 1685 post
866 1638 1044 1686 quattuor
1061 1637 1172 1675 libros
1190 1636 1430 1686 Reipublicae
1448 1637 1588 1686 primos

112 1699 160 1737 ad
205 1711 289 1738 eam
332 1700 621 1749 disputationem
664 1711 883 1748 aggressum
930 1712 1010 1739 esse
1051 1712 1146 1749 quae
1184 1701 1277 1738 libro
1319 1701 1448 1750 quinto
1486 1702 1587 1738 sexto

113 1763 270 1812 septimo
297 1764 517 1803 continetur.
