1786 2742
837 48 860 83 8

106 174 297 211 stituenda
338 174 545 222 praeceptis
583 174 799 211 continuare
838 175 1110 212 enarrationem
1150 176 1308 212 aliarum
1352 177 1590 224 quarundam

105 236 475 286 rerumpublicarum
510 238 579 274 aut
612 248 738 275 revera
775 238 1006 276 exstantium
1043 240 1110 276 aut
1146 238 1283 277 litteris
1322 240 1472 278 tantum
1504 251 1592 278 con-

106 303 342 349 signatarum
383 312 499 349 quae,
541 312 629 339 cum
671 301 719 339 ad
761 302 971 340 humanam
1008 302 1126 340 vitam
1168 305 1207 341 et
1242 315 1363 341 mores
1398 304 1591 342 Platonica

104 365 255 414 propius
283 364 475 410 accedant,
504 366 632 402 tamen
660 376 736 402 non
764 375 885 414 pauca
913 365 1079 403 habeant
1106 366 1314 414 singularia
1342 378 1386 404 ac
1408 367 1590 405 memoria

105 429 314 479 litterisque
361 428 594 478 dignissima.
675 428 810 478 Itaque
851 429 1015 479 primum
1061 429 1107 469 de
1154 430 1296 469 Phalea
1344 429 1589 470 Chalcedonio

106 494 264 543 exponit,
302 505 415 542 quem
454 493 648 542 aequalem
685 505 861 542 agrorum
900 505 944 532 ac
978 494 1162 532 bonorum
1196 495 1296 533 inter
1332 496 1431 533 cives
1467 496 1591 534 distri-

105 557 299 596 butionem
338 557 502 596 suasisse
539 556 666 602 tradit,
704 559 788 595 tum
824 557 870 596 de
905 557 1138 607 Hippodamo
1166 558 1321 605 Milesio,
1358 558 1422 607 qui
1455 561 1494 597 et
1520 559 1591 598 rei-

104 621 273 669 publicae
310 632 441 658 curam
469 620 904 669 administrationemque
932 622 1032 659 inter
1063 633 1193 659 omnes
1222 622 1321 660 cives
1350 634 1589 661 communem

104 696 186 723 esse
240 686 278 723 et
329 683 520 733 proprium
572 685 831 733 secretumque
879 696 901 723 a
948 684 1080 723 ceteris
1126 685 1373 724 militantium
1420 686 1589 725 ordinem

104 749 249 798 publico
279 750 434 797 sumptu
454 747 631 787 alendum
658 748 807 786 institui
825 749 993 787 voluerit.
1050 749 1194 787 Deinde
1213 749 1589 788 Lacedaemoniorum

104 814 142 850 et
167 811 321 850 Cretum
340 811 573 861 respublicae
593 811 869 856 describuntur,
898 823 993 860 quae
1014 823 1129 861 quam
1157 813 1278 851 multa
1306 812 1471 851 habeant
1499 824 1586 852 cum

105 876 296 914 Platonico
324 875 487 914 civitatis
516 875 719 925 specimine
748 876 963 914 communia
991 877 1084 914 satis
1113 888 1298 926 superque
1318 888 1341 915 a
1360 877 1447 915 viris
1470 877 1589 916 doctis

103 941 330 990 explicatum
358 941 416 978 est
446 939 506 989 (cf.
527 940 813 988 Morgensternii
842 940 887 978 de
915 941 1120 990 Republica
1150 941 1317 979 Platonis
1346 943 1589 980 commentat.

103 1007 179 1043 tres
218 1004 321 1042 1797
360 1016 394 1053 p.
426 1004 503 1042 307
533 1006 570 1042 et
599 1003 639 1042 C.
669 1004 727 1042 Fr.
763 1004 970 1043 Hermanni
1005 1005 1249 1053 gesammelte
1286 1005 1588 1054 Abhandlungen

102 1068 180 1105 und
225 1068 399 1115 Beitrage
442 1080 477 1116 p.
518 1068 629 1117 150);
668 1069 751 1105 tum
795 1068 840 1106 de
888 1067 1271 1116 Carthaginiensium,
1314 1070 1500 1117 postremo
1543 1069 1589 1107 de

101 1132 390 1170 Atheniensium
425 1130 588 1169 civitatis
616 1131 736 1169 forma
772 1132 900 1181 paucis
930 1132 1063 1180 agitur.
1130 1132 1212 1171 Hae
1242 1134 1331 1171 sunt
1357 1133 1589 1182 respublicae

102 1196 190 1235 illae
224 1198 291 1234 aut
327 1207 350 1233 a
386 1195 616 1245 philosophis
650 1195 770 1244 iisque
807 1207 830 1234 a
864 1196 1054 1245 republica
1089 1196 1241 1235 remotis
1278 1196 1425 1235 effictae
1462 1198 1529 1235 aut
1566 1208 1588 1235 a

103 1260 191 1297 viris
235 1271 363 1297 rerum
398 1259 563 1297 civilium
606 1259 734 1308 peritis
775 1260 1021 1304 constitutae,
1064 1260 1161 1308 quod
1204 1261 1236 1297 si
1271 1260 1588 1299 Teichmuellerus

103 1323 321 1373 diligentius
364 1322 692 1369 consideravisset,
741 1323 900 1373 profecto
947 1324 1161 1372 longissime
1214 1325 1261 1362 ab
1311 1324 1377 1363 illa
1420 1324 1589 1374 opinione

103 1388 260 1427 afuisset
295 1389 339 1426 ut
372 1388 660 1437 Aristophanem
697 1388 736 1426 in
773 1383 943 1426 ἰδιωτῶν
980 1400 1134 1427 numero
1163 1388 1378 1427 habendum
1406 1391 1587 1428 censeret.

103 1452 455 1502 Interpretationem
496 1454 664 1491 nostram
707 1453 916 1501 complures
960 1452 1200 1491 Politicorum
1241 1453 1311 1491 loci
1353 1453 1588 1499 confirmant,

103 1528 196 1565 quos
242 1516 358 1554 oculis
400 1511 567 1554 subicere
611 1527 685 1553 non
727 1516 859 1554 inutile
902 1516 1058 1555 videtur.
1131 1516 1300 1563 Quorum
1344 1516 1409 1565 qui
1446 1517 1592 1566 primus

101 1580 241 1629 legitur
278 1580 325 1617 ad
361 1580 459 1617 hanc
494 1591 575 1617 rem
612 1579 818 1629 plurimum
853 1580 967 1618 valet:
1011 1580 1050 1617 II
1091 1580 1192 1618 1260
1223 1580 1246 1618 b
1276 1581 1326 1618 30
1364 1577 1455 1617 ἐπεὶ
1491 1593 1591 1629 προ-

102 1637 326 1695 αιρούμεθα
354 1641 558 1694 θεωρῆσαι
595 1642 690 1694 περὶ
719 1641 788 1695 τῆς
821 1640 1027 1689 κοινωνίας
1060 1640 1129 1695 τῆς
1166 1641 1377 1695 πολιτικῆς
1403 1640 1466 1689 τίς
1500 1656 1594 1695 κρα-

101 1704 215 1759 τίστη
259 1705 402 1745 πασῶν
443 1708 529 1753 τοῖς
578 1705 805 1756 δυναμένοις
842 1705 907 1758 ζῆν
941 1700 1002 1745 ὅτι
1036 1701 1210 1756 μάλιστα
1247 1699 1333 1745 κατ’
1371 1699 1496 1759 εὗχήν,
1534 1707 1595 1745 δεῖ

102 1770 181 1807 καὶ
210 1765 293 1815 τὰς
327 1762 470 1815 ἄλλας
499 1768 875 1820 ἐπισκέψασθαι
903 1767 1173 1816 πολιτείας,
1212 1764 1288 1815 αἷς
1320 1783 1367 1807 τε
1393 1768 1595 1821 χρῶνταί

101 1847 225 1880 τινες
270 1831 359 1872 τῶν
400 1828 585 1872 πόλεων
626 1831 718 1872 τῶν
764 1825 1077 1883 ε’ὗνομεῖσθαι
1126 1833 1386 1885 λεγομένων
1431 1831 1510 1871 καὶ
1552 1830 1599 1871 εἴ

101 1912 225 1943 τινες
253 1896 409 1949 ἕτεραι
436 1892 743 1948 τυγχάνουσιν
770 1892 861 1935 ὑπὸ
888 1897 1026 1935 τινῶν
1047 1894 1288 1949 εἰρημέναι
1315 1896 1395 1935 καὶ
1424 1896 1592 1935 δοκοῖ·-

102 1974 183 2000 σαι
210 1959 365 2008 καλῶς
394 1958 533 2010 ἔχεινς
572 1962 632 2000 cui
660 1964 744 2012 post
782 1962 948 2000 Platonis
978 1962 1153 2001 Politiam
1187 1964 1225 2001 et
1253 1962 1369 2010 Leges
1399 1963 1592 2000 enarratas

102 2027 411 2075 severissimeque
439 2026 624 2065 iudicatas
647 2028 799 2076 perapte
827 2026 1026 2075 respondet
1052 2026 1084 2064 is
1127 2037 1240 2075 quem
1275 2026 1591 2064 Teichmuellerus

102 2091 232 2128 citavit
247 2092 285 2128 et
299 2102 365 2128 nos
380 2090 518 2128 rectius
534 2090 770 2138 interpretari
784 2090 892 2127 modo
908 2089 1134 2134 studuimus,
1147 2101 1219 2138 quo
1233 2089 1333 2127 idem
1348 2090 1592 2138 philosophus

102 2154 301 2193 consilium
340 2154 485 2203 repetit.
549 2153 719 2193 Tertium
756 2153 973 2192 Aristoteles
1009 2153 1166 2192 eandem
1201 2165 1281 2192 rem
1321 2155 1593 2192 commemorat

102 2219 141 2255 II
165 2219 268 2256 1273
287 2220 312 2256 b
332 2219 401 2255 25:
430 2215 508 2255 τῶν
526 2216 571 2255 δὲ
599 2209 916 2269 ἀποφηναμένων
934 2231 974 2254 τι
1003 2216 1093 2267 περὶ
1123 2214 1331 2261 πολιτείας
1359 2213 1481 2254 ἔνιοι
1508 2214 1595 2264 μὲν

104 2273 194 2319 οὖκ
209 2275 526 2332 ἐκοινώνησαν
544 2275 759 2331 πράξεων
778 2278 1043 2352 πολιτικῶν
1063 2272 1161 2318 ουδ’
1178 2273 1477 2327 ὡντινωνοῦν,
1494 2271 1594 2317 ἇλλὰ

103 2343 325 2384 διετέλεσαν
337 2339 603 2391 ἰδιωτεύοντες
614 2339 680 2383 τὸν
690 2341 788 2394 βίον,
801 2343 892 2395 περὶ
905 2359 958 2382 ων
969 2340 1010 2382 ει’
1019 2358 1059 2382 τι
1070 2336 1286 2395 αξιόλογον,
1298 2340 1446 2395 εἴρηται
1459 2338 1595 2392 σχεδὸν

103 2408 195 2460 περὶ
225 2423 412 2456 παντων,
426 2406 546 2447 ε’νιοι
583 2407 633 2447 δὲ
662 2407 926 2457 νομοθέται
955 2403 1202 2459 γεγόνασιν
1231 2436 1493 2446 .........
1524 2406 1592 2445 καὶ

102 2468 250 2512 τούτων
286 2488 324 2512 OL
361 2488 434 2522 μεν
471 2472 647 2525 «Ἐγένοντο
686 2471 914 2525 δημιουργοί
955 2487 1094 2522 νΟμων,
1134 2488 1171 2512 OL
1202 2471 1246 2512 δὲ
1274 2487 1342 2511 ’καί
1371 2468 1590 2519 nostem-:lagg
