1786 2742
218 582 247 621 Ι.

197 785 245 824 ΙΙ.

179 924 247 963 III.

179 1062 243 1100 IV.

177 1402 242 1441 VI.

160 1668 244 1706 VII.

142 1869 246 1908 VIII.

595 392 1174 451 THESES.

291 581 505 622 Gilbertum
533 582 764 633 (Handbuch
791 583 858 622 der
885 595 940 633 gr.
970 583 1164 624 Staatsalt.
1201 583 1221 622 I
1246 596 1281 635 p.
1310 585 1386 623 231
1416 585 1488 635 sq.)
1517 596 1627 634 argu-

358 647 498 685 mentis
533 647 793 696 comprobasse
827 659 920 696 nego
956 648 1225 697 magistratum
1251 645 1321 686 τοῦ
1349 646 1421 686 ἐπὶ
1447 645 1496 699 τῇ
1523 648 1625 687 διοι-

358 705 471 762 κήσει
496 721 572 749 non
599 710 784 750 exstitisse
812 712 899 750 ante
926 722 1069 750 annum
1097 712 1187 750 338.

287 786 420 824 Aesch.
457 785 615 824 Eumen.
654 786 730 824 119
767 786 1007 825 scribendum
1048 798 1179 826 censeo
1221 782 1356 837 φίλοις
1394 780 1466 838 γὰρ
1508 784 1626 835 ἐσμὲν

361 841 430 887 οὐκ
459 846 571 898 ἐμοῖς
599 845 869 901 προσίκτορες.

288 925 423 962 Aesch.
460 924 617 962 Eumen.
657 926 734 962 209
770 921 812 962 τί
847 918 919 975 γὰρ
955 918 1134 974 γυναικὸς
1168 917 1254 976 ἥτις
1286 924 1408 975 ανδρα
1434 921 1627 977 νοσφίσῃ,-

358 1000 424 1037 pro
453 981 634 1039 γυναικός
661 988 937 1027 restituendum
964 991 1056 1038 puto
1085 989 1279 1039 γυναῖκας.

285 1062 395 1100 Falso
430 1062 624 1100 Naukkius
659 1062 790 1100 Trach.
828 1063 903 1100 712
941 1074 995 1110 sq.
1030 1057 1128 1113 μόνη
1164 1056 1236 1112 γὰρ
1270 1055 1403 1109 αὐτὸν,
1432 1059 1474 1100 εἶ’
1495 1076 1535 1100 τι
1572 1057 1625 1113 μὴ

360 1118 648 1178 ψευσθὴσομαι
676 1118 839 1178 γνώμης,
877 1119 954 1177 ἐγὼ
988 1119 1173 1178 δύστηνος
1211 1123 1482 1180 ἕξαποφθερῶ
1509 1137 1532 1165 a
1560 1125 1627 1165 So-

357 1191 487 1239 phocle
515 1190 716 1228 abiudicat.

284 1263 473 1318 Aristoph.
512 1275 595 1313 equ.
632 1263 709 1301 219
747 1260 847 1311 ἔχεις
882 1256 1042 1301 ἅπαντα
1070 1257 1171 1315 πρὸς
1204 1259 1410 1302 πολιτείαν
1445 1253 1473 1302 ἃ
1509 1263 1569 1302 δεῖ
1602 1276 1625 1303 a

358 1328 519 1376 Bergkio
546 1328 586 1366 in
614 1327 863 1377 suspicionem
890 1329 1066 1366 vocatum
1093 1330 1183 1376 puto
1211 1328 1437 1366 servandum
1465 1340 1556 1366 esse.

284 1402 470 1451 Aristoph.
500 1413 584 1451 equ.
613 1401 690 1439 459
727 1396 781 1448 ὡς
816 1391 858 1439 εὖ
890 1395 957 1439 τὸν
993 1392 1115 1451 ἄνδρα
1150 1398 1345 1448 ποικίλως
1377 1393 1412 1440 τ’
1449 1399 1628 1454 ἐπῆλθες

360 1464 401 1503 ἐν
427 1460 604 1516 λόγοισιν
629 1477 695 1516 pro
725 1463 903 1516 ἐπῆλθες
937 1477 960 1504 a
989 1467 1066 1504 solo
1093 1467 1310 1505 Ravennate
1349 1467 1498 1513 tradito,
1527 1466 1626 1516 quod

357 1530 499 1569 Kockio
535 1530 695 1579 placuit,
731 1529 863 1568 Veneti
900 1532 939 1568 et
973 1531 1181 1569 ceterorum
1217 1529 1388 1569 codicum
1428 1530 1626 1569 lectionem

357 1587 537 1645 ὑπῆλθες
563 1605 691 1633 veram
718 1595 819 1643 puto.

287 1668 331 1705 In
360 1667 524 1706 Senecae
567 1667 815 1716 epistularum
851 1667 899 1705 ad
928 1667 1113 1706 Lucilium
1150 1667 1492 1715 undenonagesima
1519 1678 1629 1716 para-

357 1731 523 1781 graphus
562 1731 723 1781 septima
758 1731 837 1769 loco
874 1731 1059 1770 movenda
1092 1733 1130 1769 et
1164 1731 1202 1769 in
1229 1731 1303 1770 fine
1331 1732 1488 1780 quartae
1516 1731 1628 1769 collo-

358 1795 478 1834 canda
506 1796 574 1834 est.

288 1868 480 1909 Contendo
508 1869 630 1908 verbis
658 1869 732 1909 illis
760 1868 979 1908 Horatianis
1001 1869 1047 1919 (c.
1068 1869 1106 1907 II
1127 1870 1161 1915 7,
1183 1869 1248 1920 10)
1275 1861 1421 1908 ‘relicta
1442 1881 1516 1908 non
1533 1869 1627 1908 bene

358 1925 544 1984 parmula’
573 1933 776 1972 Horatium
807 1933 931 1983 potius
969 1933 1103 1973 fortem
1140 1944 1255 1983 quam
1296 1933 1476 1982 ignavum
1512 1932 1627 1971 fuisse

357 1997 599 2047 comprobari.
