1786 2742
820 54 868 90 51

107 186 151 224 ut
190 182 432 233 philosophus
473 182 551 230 ipse
592 192 632 220 se
672 181 726 220 ita
766 181 888 231 potius
931 181 1092 220 sensisse
1134 192 1251 230 quam
1291 182 1460 219 locutum
1504 193 1585 220 esse

106 248 255 287 indicet.
318 245 424 294 Quae
458 257 546 285 cum
579 245 633 285 ita
669 245 762 292 sint,
801 245 835 284 V
862 245 940 285 465
975 245 1006 284 Ε
1040 245 1251 296 posterioris
1287 245 1465 296 temporis
1502 257 1585 285 esse

106 313 210 351 nulla
245 322 285 350 re
320 310 597 359 comprobatur,
634 321 706 359 quo
733 310 986 349 demonstrato
1015 311 1129 349 simul
1163 312 1265 349 totus
1300 310 1395 349 liber
1428 310 1583 360 quintus

106 388 128 416 a
155 374 316 414 Kunerti
343 373 551 423 suspicione
578 373 789 413 vindicatus
818 376 885 413 est.

214 439 421 487 Pergamus
454 438 568 486 igitur
596 437 643 476 ad
678 448 721 476 ea
755 449 850 487 quae
878 438 1068 477 Krohnius
1102 438 1142 476 in
1170 438 1328 477 eandem
1356 438 1584 477 sententiam

107 503 270 554 protulit.
339 502 384 540 In
420 502 556 551 quibus
594 501 848 540 examinandis
875 501 1002 540 minus
1038 512 1168 540 curare
1205 502 1292 541 licet
1332 513 1428 551 quae
1455 504 1585 540 contra

105 569 234 618 aptam
260 566 348 605 libri
375 565 467 604 VIII
489 567 526 604 et
553 565 608 604 IX
635 577 723 605 cum
750 565 804 604 VI
832 568 869 605 et
889 565 961 604 VII
988 565 1289 605 coniunctionem
1311 568 1424 616 atque
1451 566 1584 605 cohae-

107 632 269 671 rentiam
288 631 504 679 disputavit,
524 631 701 679 quoniam
719 630 812 669 haec
827 631 905 669 iam
924 642 1037 679 supra
1054 630 1253 669 verborum
1271 642 1367 679 quae
1386 630 1439 669 IV
1454 630 1531 669 435
1547 631 1583 669 D

105 697 282 745 leguntur
324 694 626 744 interpretatione
665 695 871 733 maximam
910 696 1057 743 partem
1094 694 1267 733 videntur
1311 694 1447 733 reiecta
1488 705 1581 733 esse.

105 760 204 798 Nam
232 770 321 797 cum
347 758 488 797 librum
515 758 608 796 VIII
636 760 674 797 et
700 758 754 796 IX
781 758 862 797 ideo
890 761 975 808 post
1002 758 1177 796 v—VII
1204 770 1227 796 a
1254 758 1410 797 Platone
1437 770 1585 808 compo-

104 824 194 862 sitos
231 833 312 861 esse
345 823 456 870 neget
484 822 572 870 quia
608 821 777 860 idearum
803 822 953 860 nullum
986 822 1027 859 in
1063 822 1117 860 eis
1146 823 1196 860 sit
1222 822 1433 870 vestigium,
1470 833 1582 870 argu-

104 886 262 931 mentis,
303 885 449 935 opinor,
492 885 774 935 comprobatum
815 887 873 924 est
915 886 1176 935 philosophum
1218 885 1265 923 ab
1306 886 1427 935 operis
1477 885 1583 924 initio

104 951 274 989 idearum
310 949 483 988 notitiam
519 949 706 988 habuisse.
763 948 869 997 Quod
910 951 955 988 ut
995 949 1041 988 de
1082 948 1210 988 octavo
1251 952 1289 988 et
1329 960 1426 988 nono
1468 949 1583 988 etiam

103 1015 238 1055 clarius
274 1014 531 1064 intellegatur,
569 1025 664 1064 quae
701 1013 739 1053 in
779 1014 832 1053 eis
874 1013 922 1053 ad
955 1013 1059 1053 ideas
1093 1016 1264 1064 spectant
1300 1014 1460 1053 breviter
1499 1025 1584 1065 per-

103 1081 320 1118 lustremus.

211 1149 334 1198 Atque
351 1149 396 1186 ut
413 1147 587 1186 omittam
611 1147 716 1187 initio
734 1148 855 1187 octavi
884 1147 978 1197 (543
986 1147 1033 1199 A)
1052 1147 1093 1186 in
1111 1147 1253 1197 optima
1270 1148 1460 1198 republica
1478 1160 1584 1198 reges

104 1213 175 1252 dici
193 1206 282 1257 τοὺς
308 1209 349 1249 ἐν
372 1208 595 1263 φιλοσοφίᾳ
620 1224 662 1249 τε
687 1210 756 1249 καὶ
782 1205 885 1262 πρὸς
901 1205 969 1249 τὸν
986 1205 1161 1260 πόλεμον
1179 1205 1385 1262 γεγονότας
1402 1204 1585 1262 ἀρίστους

103 1277 298 1326 ipsamque
327 1275 539 1314 absolutam
567 1275 757 1315 civitatem
785 1275 1007 1325 degenerare
1036 1277 1150 1325 atque
1178 1276 1364 1325 corrumpi
1390 1277 1583 1326 propterea

105 1340 201 1389 quod
239 1340 490 1390 philosophiae
526 1340 696 1378 studium
732 1340 837 1389 parvi
870 1340 1004 1378 ducere
1039 1340 1194 1389 incipiat
1231 1339 1339 1389 (VIII
1368 1340 1444 1377 548
1474 1340 1506 1378 B
1524 1339 1582 1391 C),

103 1405 226 1455 ipsam
252 1403 415 1454 profecto
443 1403 559 1442 animi
587 1406 732 1453 partem
759 1404 995 1454 potissimam
1024 1415 1121 1453 quae
1148 1403 1242 1442 ratio
1270 1403 1409 1442 dicitur
1439 1404 1480 1443 in
1507 1416 1584 1443 una

104 1469 266 1508 essentia
294 1469 433 1507 versari
468 1468 695 1514 certissime,
730 1470 774 1506 ut
807 1469 912 1507 nulla
946 1480 1029 1507 esse
1065 1468 1248 1507 dubitatio
1284 1468 1417 1517 possit,
1453 1469 1584 1507 multis

102 1533 192 1571 locis
221 1532 441 1571 affirmatur.
496 1531 575 1570 Hos
603 1533 731 1571 autem
758 1544 885 1571 revera
913 1532 962 1571 ad
988 1532 1091 1571 ideas
1120 1532 1303 1582 pertinere
1338 1543 1411 1581 quo
1445 1533 1584 1572 certius

102 1598 368 1647 cognoscatur,
403 1608 464 1635 eos
491 1596 545 1635 ita
574 1595 772 1635 afferemus
799 1598 844 1635 ut
878 1607 965 1635 cum
993 1596 1149 1645 singulis
1184 1596 1324 1635 similes
1352 1596 1535 1645 quosdam
1562 1608 1583 1635 e

102 1660 156 1698 VI
183 1661 242 1699 vel
269 1660 342 1699 VII
369 1660 479 1706 libro,
513 1661 552 1699 iu
580 1660 714 1710 quibus
744 1660 831 1699 solis
858 1660 962 1700 illam
991 1660 1199 1699 doctrinam
1226 1660 1420 1699 Krohnius
1447 1660 1582 1710 posuit,

101 1725 235 1775 petitos
263 1724 510 1763 conferamus.

208 1794 340 1844 Itaque
368 1794 493 1840 Plato,
530 1795 597 1834 ubi
624 1794 908 1834 delectationem
941 1794 1078 1834 mentis
1112 1796 1150 1833 et
1177 1794 1410 1844 cogitationis
1437 1795 1477 1833 in
1504 1795 1583 1834 veri

101 1859 285 1897 rationem
312 1859 477 1898 intentae
505 1870 592 1897 cum
619 1859 847 1907 reliquarum
875 1859 992 1896 animi
1019 1859 1165 1904 virium,
1193 1859 1270 1898 irae
1296 1860 1334 1896 et
1356 1858 1584 1907 cupiditatiS,

101 1922 355 1972 voluptatibus
395 1925 587 1973 comparat
615 1934 773 1972 eamque
809 1923 881 1962 illis
911 1923 1029 1962 multo
1066 1923 1246 1973 potiorem
1286 1933 1330 1961 ac
1363 1922 1582 1962 nobiliorem

100 1998 181 2025 esse
219 1987 344 2032 docet,
380 1987 434 2025 ita
471 1987 638 2036 disputat
666 1987 719 2024 IX
748 1987 822 2025 581
842 1987 895 2025 B:
938 1979 1048 2024 Ἀλλὰ
1081 1980 1157 2039 μὴν
1183 1975 1216 2037 ᾦ
1254 1999 1296 2037 γε
1329 1980 1584 2035 μανθάνομεν

100 2049 222 2089 παντὶ
259 2048 373 2103 δῆλον
415 2043 475 2089 ὅτι
511 2044 613 2102 πρὸς
649 2044 695 2088 τὸ
732 2046 878 2088 εἰδέναι
911 2044 993 2102 τὴν
1035 2042 1290 2103 ἀλήθειαν
1337 2042 1431 2102 ὅπῃ
1482 2047 1585 2098 ἔχει

100 2111 197 2152 πᾶν
224 2107 303 2152 ἀεὶ
337 2113 516 2161 τέταται,
554 2117 592 2152 et
617 2115 728 2163 paulo
755 2114 873 2152 infra:
919 2108 995 2152 Τὸν
1022 2112 1067 2152 δὲ
1095 2109 1334 2166 φιλόσοφον,
1369 2104 1414 2165 ἦν
1440 2106 1476 2152 δ’
1494 2109 1584 2165 ἐγώ,

100 2172 319 2227 ποιώμεθα
353 2172 425 2225 τὰς
466 2169 587 2224 ἄλλας
621 2171 762 2230 ἡδονὰς
799 2174 969 2226 νομίζειν
1017 2172 1117 2228 πρὸς
1159 2172 1228 2230 τὴν
1269 2175 1338 2216 τοῦ
1384 2173 1586 2216 εἰδέναι

98 2234 324 2293 τᾶληθὲς
352 2235 452 2294 ὅπῃ
488 2239 592 2290 ἔχει
628 2240 696 2279 καὶ
734 2239 774 2279 ἐν
800 2236 968 2292 τοιούτῳ
995 2241 1073 2280 τινὶ
1101 2234 1164 2280 ἀεὶ
1191 2236 1292 2280 εἶναι
1318 2236 1582 2291 μανθάνοντα,

99 2307 137 2343 et
176 2317 251 2344 non
292 2307 411 2345 multo
452 2308 537 2357 post
577 2305 668 2355 (582
692 2306 759 2355 A):
805 2299 981 2357 Πότερον
1016 2299 1038 2343 ὅ
1076 2299 1332 2358 φιλοκερδής,
1372 2299 1585 2354 μανθάνων

100 2360 244 2423 αὐτὴν
289 2365 372 2424 τὴν
416 2362 667 2423 ἀλήθειαν
711 2362 821 2408 οἷόν
859 2367 1018 2418 ἐστιν,
1064 2364 1342 2422 ἐμπειρότερος
1375 2368 1485 2408 δοκεῖ
1520 2381 1585 2407 σοι

99 2427 200 2473 εἶναι
234 2433 303 2488 τῆς
336 2428 422 2474 ἀπὸ
458 2433 527 2475 τοῦ
564 2432 710 2474 εἰδέναι
746 2428 885 2487 ἡδονῆς
917 2426 941 2487 ’ἢ
975 2427 996 2473 ὃ
1034 2428 1258 2488 φιλόσοφος
1290 2432 1359 2481 τῖς
1395 2426 1480 2473 ἀπὸ
1515 2431 1585 2472 τοῦ

99 2496 313 2550 κερδαίνειν
320 2517 333 2548 ,·
360 2512 455 2550 quae
480 2501 633 2550 quidem
657 2500 783 2540 omnia
801 2500 856 2539 ita
875 2502 1092 2550 comparata
1112 2502 1200 2539 sunt
1218 2502 1262 2539 ut
1281 2502 1407 2550 aperte
1426 2499 1584 2539 doceant

1339 2562 1387 2601 4*
