1786 2742
870 62 920 97 27

159 188 375 236 exploretur.
438 188 543 235 Quod
572 199 661 225 eum
688 188 726 225 in
756 188 997 236 Reipublicae
1026 187 1129 225 libris
1157 187 1419 236 posterioribus
1448 198 1635 235 nusquam

160 251 215 289 ita
242 251 322 289 fieri
350 263 459 290 nemo
486 251 705 299 intellegens
732 252 885 300 ignoret,
923 251 1044 290 eidem
1077 251 1248 289 instituto
1284 251 1393 300 plane
1422 250 1636 288 satisfacere

158 315 355 355 Timaeum
392 316 582 365 dialogum
615 316 654 354 in
691 316 822 355 eadem
857 316 1052 364 tetralogia
1087 316 1211 354 locum
1248 317 1295 354 ab
1332 316 1399 354 illa
1426 315 1634 365 proximum

159 390 320 428 eumque
349 380 556 418 secundum
584 380 816 418 obtinentem
843 380 973 429 paucis
1001 380 1183 429 explicare
1210 380 1324 417 iuvat.

266 456 320 494 Ac
347 455 510 504 primum
539 455 691 504 quidem
718 456 920 505 disputatio
958 455 998 493 in
1033 467 1075 493 eo
1110 455 1273 493 exhibita
1309 455 1431 493 omnis
1470 455 1517 493 ab
1552 454 1636 492 idea

161 518 244 555 boni
279 520 323 556 ut
350 519 592 566 cognoscendi
627 519 731 556 initio
768 520 880 567 atque
908 519 995 556 boni
1022 519 1187 566 rectique
1221 519 1301 565 lege
1336 518 1477 562 stabili,
1515 518 1635 560 firma,

158 583 240 620 rata
268 582 531 631 proficiscitur,
566 582 677 631 idque
714 594 802 621 cum
839 594 904 632 per
941 583 1063 621 totum
1101 593 1309 620 sermonem
1346 581 1412 630 (46
1443 580 1482 620 C.
1512 582 1562 619 48
1592 582 1635 619 A.

160 647 210 683 53
239 646 283 684 Β.
312 647 363 684 92
393 647 424 683 Β
453 647 552 696 finis)
592 647 798 685 clarissime
826 648 998 695 apparet,
1036 649 1120 684 tum
1152 646 1335 694 imprimis
1371 646 1544 683 notabilis
1579 648 1636 683 est

158 709 190 747 is
226 709 327 747 locus
365 710 429 758 qui
466 710 603 758 legitur
636 710 676 748 in
712 710 889 759 principio
928 710 994 759 (30
1024 710 1054 747 B
1093 710 1224 759 sequ).
1280 709 1429 747 Etenim
1470 709 1636 747 Platonis

158 773 219 812 ille
247 773 365 822 opifex
402 774 685 823 aedificatorque
720 774 851 812 mundi
889 773 970 823 (qui
1003 776 1047 812 ut
1081 785 1169 812 cum
1206 773 1335 822 optimi
1371 773 1492 822 specie
1527 773 1635 822 plane

160 848 361 886 congruere
387 837 572 876 iudicetur
607 838 796 877 luculente
832 838 996 877 Zellerus
1038 838 1223 887 postulare
1270 837 1424 875 rationis
1463 839 1501 876 et
1528 837 1637 875 disci-

159 902 282 950 plinae
302 902 550 943 constantiam
570 902 717 951 exponit
735 902 758 940 l.
778 902 801 939 l.
822 914 855 951 p.
877 902 987 951 596),
1015 913 1102 940 cum
1131 902 1180 939 sit
1207 902 1337 946 bonus,
1366 902 1484 939 bonus
1508 903 1636 939 autem

160 966 300 1004 nemini
327 966 508 1011 invideat,
543 966 670 1004 omnia
699 966 757 1004 sui
785 966 922 1004 similia
949 977 1125 1014 generare
1153 966 1305 1015 cupiens
1333 977 1459 1004 rerum
1487 965 1635 1003 univer-

160 1030 312 1068 sitatem
339 1029 430 1068 facit
465 1042 507 1068 ex
534 1031 693 1069 materia
730 1032 767 1069 et
795 1031 919 1068 animo
952 1042 1018 1079 per
1050 1031 1265 1068 universam
1294 1032 1469 1068 naturam
1497 1030 1636 1079 pariter

158 1094 300 1131 intento
329 1095 366 1132 et
394 1096 639 1132 commeante.
693 1087 780 1132 ‘Fas
808 1096 937 1132 autem
966 1106 1032 1132 nec
1060 1096 1117 1132 est
1144 1106 1212 1132 nec
1239 1105 1408 1143 unquam
1436 1094 1508 1131 fuit
1531 1094 1637 1142 quid-

160 1168 275 1206 quam
302 1157 374 1195 nisi
401 1157 695 1207 pulcherrimum
721 1156 841 1196 facere
877 1157 909 1196 ei
944 1157 1010 1206 qui
1042 1159 1141 1196 esset
1168 1157 1342 1207 optimus.
1400 1156 1495 1195 Cum
1523 1157 1637 1205 igitur

161 1222 345 1259 rationem
373 1222 577 1267 habuisset,
606 1222 814 1270 reperiebat
840 1222 934 1259 nihil
962 1233 1043 1260 esse
1072 1233 1199 1260 eorum
1227 1233 1322 1270 quae
1349 1223 1486 1259 natura
1512 1232 1637 1259 cerne-

159 1286 289 1323 rentur
306 1285 565 1334 inintellegens
584 1285 825 1333 intellegente
849 1285 888 1323 in
907 1286 983 1323 toto
1006 1297 1140 1334 genere
1159 1285 1433 1335 praestantius;
1464 1285 1636 1334 quocirca

162 1349 454 1397 intellegentiam
482 1349 521 1387 in
549 1350 684 1394 animo,
713 1349 885 1387 animum
912 1349 1063 1387 inclusit
1090 1351 1128 1387 in
1157 1361 1325 1401 corpore:
1366 1350 1418 1387 sic
1445 1351 1550 1387 ratus
1579 1351 1637 1387 est

162 1424 253 1462 opus
281 1413 372 1451 illud
400 1412 573 1451 effectum
601 1424 681 1451 esse
703 1404 1021 1462 pulcherrimum.'
1068 1412 1269 1463 (Ciceronis
1288 1413 1462 1452 Timaeus
1482 1424 1561 1462 cap.
1583 1414 1635 1463 3).

161 1478 282 1525 Atque
317 1478 387 1515 hoc
424 1489 512 1515 cum
552 1477 597 1515 de
639 1477 778 1515 mundo
820 1477 980 1523 dicatur,
1018 1478 1187 1526 sequitur
1229 1479 1273 1515 ut
1312 1477 1411 1515 idem
1450 1478 1561 1515 cadat
1598 1478 1638 1514 in

161 1542 337 1578 naturam
379 1541 603 1585 humanam3
647 1552 759 1590 quae,
796 1541 1099 1590 quandoquidem
1139 1543 1183 1579 ut
1222 1541 1388 1579 mundus
1430 1553 1474 1579 ex
1510 1541 1636 1578 divina

160 1605 302 1643 ratione
330 1607 368 1643 et
395 1605 565 1649 materia,
593 1605 646 1643 sic
673 1605 754 1654 ipsa
782 1616 825 1643 ex
854 1605 977 1643 animo
1006 1607 1043 1644 et
1070 1616 1218 1654 corpore
1246 1607 1403 1651 constat,
1431 1605 1530 1643 illius
1554 1616 1635 1643 esse

161 1669 268 1718 quasi
287 1669 474 1718 quoddam
502 1669 691 1707 imitatum
719 1671 756 1707 et
784 1669 949 1708 effictum
978 1670 1222 1708 simulacrum
1243 1669 1398 1708 videtur.
1447 1669 1527 1717 Quo
1547 1681 1634 1708 cum

160 1733 294 1770 iudicio
330 1733 472 1781 reliqua
500 1733 615 1770 oratio
649 1733 841 1782 aptissime
870 1734 1050 1771 convenit.
1107 1733 1175 1771 Ille
1204 1734 1303 1771 enim
1331 1736 1474 1771 creator
1504 1734 1637 1771 mundi

159 1796 251 1835 deus
293 1798 492 1846 postquam
535 1808 596 1835 eos
633 1808 724 1846 quos
767 1795 900 1836 Graeci
938 1794 1128 1846 δαίμονας
1164 1798 1352 1847 appellant
1392 1797 1542 1847 genuit,
1579 1798 1637 1836 his

159 1861 331 1910 deinceps
366 1861 527 1910 imperat
560 1863 603 1899 ut
636 1861 790 1899 deorum
824 1861 1094 1899 immortalium
1133 1862 1239 1911 quasi
1276 1862 1433 1910 gentiles
1467 1863 1636 1901 homines

159 1927 295 1972 creent,
324 1937 525 1976 eorumque
551 1926 702 1965 initium
731 1927 929 1976 satumque
958 1926 1010 1965 eis
1039 1926 1155 1965 tradit
1181 1928 1225 1965 ut
1252 1926 1306 1965 ita
1334 1928 1506 1966 aeternae
1539 1927 1637 1977 parti

159 1992 327 2028 attexant
353 1991 561 2028 mortalem.
618 1990 724 2036 Quod
757 2002 872 2038 quam
899 1991 1054 2039 pulchre
1082 1992 1328 2039 omnibusque
1363 1992 1529 2029 numeris
1559 2004 1638 2040 per-

158 2053 255 2092 fecte
282 2055 531 2102 exsequantur
556 2053 687 2092 deinde
713 2053 859 2103 copiosa
878 2055 916 2092 et
942 2055 1074 2092 ornata
1093 2054 1257 2093 oratione
1277 2054 1470 2104 exponitur
1492 2054 1558 2104 (69
1580 2054 1636 2105 C).

159 2117 332 2166 Namque
364 2119 408 2155 ut
443 2116 628 2156 Ciceronis
657 2118 777 2156 verbis
813 2119 900 2156 utar
934 2118 1056 2167 (Tusc.
1088 2118 1105 2155 Ι
1133 2120 1220 2168 20),
1258 2112 1458 2167 ‘triplicem
1489 2119 1637 2167 fingunt

159 2181 348 2227 animum,
386 2181 491 2220 cuius
528 2181 798 2231 principatum,
826 2181 864 2219 id
900 2183 958 2220 est
994 2182 1196 2227 rationem,
1232 2183 1273 2219 in
1309 2182 1428 2231 capite
1466 2183 1563 2221 sicut
1597 2183 1637 2220 in

161 2256 247 2284 arce
288 2247 441 2294 ponunt,
484 2247 523 2284 et
563 2245 657 2284 duas
699 2246 823 2295 partes
866 2245 899 2284 ei
941 2256 1069 2295 parere
1110 2246 1248 2291 volunt,
1291 2247 1387 2284 iram
1429 2248 1467 2285 et
1498 2247 1639 2296 cupidi-

157 2310 294 2354 tatem,
333 2320 427 2359 quas
456 2310 534 2357 suis
561 2310 650 2349 locis
688 2309 772 2359 (hoc
809 2311 867 2348 est
901 2311 1059 2349 naturae
1099 2321 1189 2349 suae
1222 2310 1633 2361 accommodatissimis)

157 2373 254 2411 iram
281 2373 320 2411 in
347 2374 504 2422 pectore,
533 2374 776 2423 cupiditatem
805 2374 933 2413 subter
959 2374 1174 2423 praecordia
1195 2366 1345 2413 locant.’
1402 2374 1633 2425 Cupiditates

159 2438 288 2476 autem
316 2437 380 2487 qui
407 2437 549 2476 ratione
576 2438 737 2477 rexerint
762 2438 861 2476 iuste
888 2438 1030 2484 vivent,
1066 2438 1130 2488 qui
1158 2440 1286 2477 autem
1318 2439 1364 2477 iis
1399 2451 1438 2478 se
1471 2438 1639 2477 dederint

159 2501 298 2539 iniuste
350 2501 416 2550 (42
470 2502 514 2539 B.
559 2502 607 2540 70
658 2502 718 2551 Β).
786 2502 898 2539 Porro
949 2513 1037 2540 cum
1086 2502 1158 2540 duo
1206 2503 1283 2541 sint
1327 2514 1454 2541 rerum
1500 2514 1636 2551 genera
