1786 2742
876 84 925 121 52

161 211 349 261 propriam
385 211 525 249 mentis
554 210 731 250 virtutem
768 222 895 250 rerum
922 213 1098 259 veritate,
1134 213 1174 251 id
1209 215 1268 252 est
1302 213 1414 259 ideis,
1451 213 1643 251 contineri.

162 277 285 325 Atque
318 276 442 325 ipsam
468 275 666 314 veritatem
695 267 828 327 (αὐτὴν
854 269 922 313 τὶν
948 268 1155 329 ἀλήθειαν)
1184 278 1223 316 in
1251 277 1387 316 Politia
1414 277 1524 316 modo
1557 287 1645 316 cum

162 339 326 379 essentia
363 339 422 378 vel
456 338 549 378 ideis
586 339 696 377 modo
733 351 821 378 cum
856 351 987 379 earum
1025 341 1181 380 scientia
1214 341 1290 380 fere
1327 352 1529 390 congruere
1573 341 1646 380 fre-

163 405 320 452 quenter
361 414 452 441 sane
492 403 532 440 in
580 403 727 441 duobus
767 404 872 442 libris
919 404 1083 454 proxime
1125 404 1431 444 antecedentibus
1478 405 1643 454 apparet,

162 467 266 506 velut
293 466 367 506 VII
394 466 471 505 525
500 465 529 505 C
565 463 691 519 ψυχῆς
726 462 978 521 μεταστροφὴ
1013 460 1099 506 ἀπὸ
1136 466 1319 520 γενέσεως
1356 459 1423 507 ἐπ’
1452 460 1646 521 ἀλήθειάν

161 545 204 569 τε
239 530 309 569 καὶ
347 523 499 578 οὐσίαν,
538 532 615 569 526
632 532 663 569 Β
706 524 802 583 αὐτῇ
842 530 889 584 τῇ
931 527 1061 584 νοήσει
1096 531 1270 584 χρῆσθαι
1309 528 1378 584 τὴν
1413 527 1539 584 ψυχὴν
1580 524 1646 570 ἐπ’

162 587 279 647 αὐτὴν
304 588 373 647 τὴν
399 587 611 645 ἀλήθειαν,
643 595 720 633 537
741 594 775 633 D
805 587 872 632 ἐπ’
903 588 997 633 αὐτὸ
1023 590 1069 634 τὸ
1103 588 1149 634 ὃν
1183 588 1268 645 μετ’
1305 588 1498 648 ἀληθείας
1533 592 1645 643 ἱέναι,

165 660 241 697 525
261 661 295 697 A
322 652 470 717 ἀγωγὰ·
485 653 588 709 πρὸς
614 651 807 710 ἀλήθειαν
834 661 895 706 (cf.
925 661 1003 698 526
1020 661 1063 699 B.
1094 662 1171 699 533
1187 661 1248 710 A).·

269 727 413 766 Deinde
462 728 561 777 quod
611 730 779 767 mentem
836 721 916 781 ὅπῃ
966 727 1123 782 πέφυκε
1180 723 1230 767 τὰ
1286 720 1379 767 ὄντα
1434 723 1650 779 μανθάνειν

162 794 217 832 ΙΧ
259 794 336 832 582
359 793 389 832 Β
433 795 547 843 atque
588 787 657 845 τὴν
696 791 766 833 τοῦ
807 785 918 841 ὄντος
958 793 1060 833 θέαν
1101 795 1237 834 habere
1278 795 1517 845 philosophus
1559 795 1649 834 dicit

160 858 248 896 ibid.
271 857 311 903 C,
339 858 501 896 eundem
530 869 727 895 summum
755 860 868 907 atque
897 861 1106 897 extremum
1132 859 1246 898 finem
1264 859 1398 897 rationi
1416 859 1647 908 propositum

161 923 201 961 in
244 922 492 961 anterioribus
534 934 682 972 quoque
728 922 874 962 duobus
917 923 1021 962 libris
1064 936 1145 963 esse
1191 935 1365 974 persaepe
1408 923 1561 970 dicitur,
1604 925 1649 962 ut

161 987 236 1024 VII
263 987 341 1024 529
363 987 394 1023 Β
422 980 596 1037 μάθημα
624 976 647 1023 ὃ
673 978 721 1023 ἷὶν
748 985 841 1038 περὶ
869 981 915 1024 τὸ
944 979 986 1024 ὅν
1012 1000 1054 1025 τε
1081 978 1105 1039 ᾗ
1132 986 1199 1025 καὶ
1227 982 1273 1025 τὸ
1305 979 1489 1038 ἀόρατον,
1521 988 1598 1025 524
1616 988 1647 1024 Ε

164 1042 279 1089 ὁλκὸν
307 1047 380 1088 ἐπὶ
407 1043 476 1101 τὴν
515 1041 650 1088 οὐσίαν
687 1049 748 1100 (of.
776 1050 830 1089 v1
860 1052 934 1090 501
956 1051 1002 1090 D.
1033 1052 1109 1090 505
1139 1052 1185 1090 D.
1216 1051 1288 1090 vll
1317 1052 1393 1090 529
1415 1051 1459 1090 B.
1491 1052 1567 1089 533
1587 1051 1647 1101 13),

164 1115 301 1164 quibus
337 1115 428 1153 locis
463 1114 637 1153 omnibus
672 1108 719 1152 τὸ
755 1105 798 1152 ὅν
833 1116 891 1153 vel
931 1108 954 1166 ἡ
997 1107 1111 1153 οὐσία
1152 1116 1253 1154 idem
1296 1117 1354 1154 est
1391 1115 1490 1165 quod
1524 1115 1648 1161 ideae3

163 1190 283 1229 neque
312 1179 439 1218 minus
468 1190 565 1228 quae
593 1179 669 1218 veri
697 1180 959 1229 contemplatio
986 1180 1204 1219 nominatur
1242 1172 1280 1232 (ἥ
1307 1177 1377 1218 τοῦ
1404 1171 1515 1226 ὄντος
1552 1177 1648 1230 θέα)

166 1245 206 1282 in
235 1243 486 1294 superioribus
500 1244 723 1319 appellatur
750 1244 921 1283 similiter
950 1244 1010 1294 (cf.
1031 1244 1105 1283 VII
1135 1245 1211 1283 532
1233 1244 1261 1283 G
1291 1237 1564 1296 ἑπαναγωγὴ.

166 1302 270 1360 πρὸς
296 1302 364 1359 τὴν
391 1321 461 1346 του
487 1299 649 1359 ἇρίστου
684 1320 726 1346 εν
759 1309 845 1354 τοῖς
882 1298 968 1346 οὖσι
1002 1307 1104 1347 θέαν
1139 1311 1176 1348 et
1213 1308 1284 1347 VII
1324 1308 1462 1347 526Ε.
1508 1308 1583 1347 527
1596 1273 1646 1347 Ε·

164 1373 218 1411 VI
247 1373 324 1411 500
346 1371 404 1422 C).

268 1442 338 1480 His
375 1441 550 1479 omnibus
588 1441 831 1480 consideratis
867 1441 1069 1480 manifesta
1105 1443 1142 1480 et
1178 1452 1350 1491 expressa
1390 1441 1646 1480 reconditioris

160 1506 352 1545 doctrinae
393 1505 551 1554 vestigia
584 1506 624 1543 in
656 1507 784 1545 octavo
820 1508 858 1544 et
891 1517 988 1544 nono
1024 1506 1119 1544 libro
1147 1506 1304 1544 inveniri
1331 1506 1391 1544 vix
1418 1505 1650 1551 infitiaberis,

161 1582 205 1609 ac
232 1582 280 1609 ne
308 1570 501 1608 Krohnius
530 1570 681 1619 quidem
708 1570 778 1609 hoc
804 1570 859 1609 ita
887 1581 968 1609 esse
996 1571 1158 1619 negavit,
1188 1570 1253 1609 sed
1272 1570 1535 1609 difficultatem
1562 1569 1651 1608 inde

162 1645 252 1675 suae
292 1634 500 1674 sententiae
537 1634 768 1673 oborientem
802 1634 856 1673 ita
892 1634 1062 1684 expedire
1099 1634 1246 1673 studuit
1280 1636 1324 1673 ut
1357 1634 1422 1672 illa
1449 1634 1650 1684 posteriore

161 1703 326 1750 tempore
363 1711 386 1738 a
421 1699 576 1738 Platone
612 1699 833 1749 interposita
869 1710 951 1739 esse
988 1699 1172 1738 coniceret
1208 1698 1257 1749 (d.
1293 1699 1343 1749 pl.
1387 1698 1441 1738 St.
1479 1711 1514 1749 p.
1543 1699 1650 1750 220).

162 1765 286 1813 Quam
315 1764 567 1813 suspicionem
586 1776 675 1802 cum
693 1765 750 1801 vir
768 1764 1009 1802 doctissimus
1039 1764 1149 1802 certis
1178 1764 1302 1802 causis
1330 1775 1404 1801 non
1432 1764 1649 1808 firmaverit,

162 1829 338 1867 nolumus
358 1828 397 1865 in
417 1838 461 1866 ea
480 1827 622 1865 diutius
637 1827 786 1873 versari,
807 1827 872 1865 sed
893 1828 1023 1865 statim
1043 1827 1090 1865 ad
1111 1827 1273 1866 similem
1292 1827 1416 1865 locum
1436 1838 1509 1865 non
1529 1828 1650 1865 multo

162 1893 405 1943 posteriorem
433 1892 502 1942 (IX
524 1892 600 1930 585
621 1892 665 1930 B.
686 1890 731 1942 G)
758 1894 1030 1937 convertamur,
1059 1904 1171 1941 quem
1190 1891 1239 1930 ad
1258 1891 1462 1931 essentiam
1490 1893 1528 1930 et
1548 1891 1652 1930 ideas

160 1969 234 1996 non
270 1957 398 1995 minus
434 1956 616 2006 pertinere
655 1956 926 1994 contendimus.
989 1955 1062 1994 Hic
1100 1956 1200 1994 enim
1228 1955 1336 1994 Plato
1365 1955 1519 1994 rationis
1548 1955 1650 1994 ideas

163 2021 450 2071 contemplantis
489 2021 776 2059 oblectationem
805 2021 985 2059 veriorem
1017 2022 1130 2070 atque
1159 2020 1378 2070 ampliorem
1405 2020 1542 2059 vilibus
1572 2031 1651 2059 cor-

162 2087 260 2136 poris
289 2085 545 2134 voluptatibus
573 2096 672 2130 esse,
710 2095 826 2137 quam
855 2085 1014 2123 eandem
1042 2084 1269 2123 sententiam
1297 2084 1412 2123 etiam
1440 2086 1550 2122 antea
1580 2084 1649 2133 (IX

163 2151 238 2188 581
286 2150 321 2187 D
358 2149 404 2199 Ε)
444 2161 531 2187 eum
568 2141 737 2197 tetigisse
771 2160 886 2198 supra
923 2149 1105 2194 diximus,
1140 2149 1195 2187 ita
1229 2148 1376 2197 exponit
1418 2150 1456 2186 et
1484 2148 1650 2186 stabilire

160 2214 306 2253 firmius
336 2213 463 2253 studet
497 2215 541 2253 ut
576 2224 705 2253 veram
733 2213 955 2264 opinionem,
984 2212 1192 2260 scientiam,
1218 2212 1523 2262 intellegentiam,
1552 2212 1653 2251 deni-

162 2291 234 2329 que
261 2280 452 2324 virtutem,
482 2290 578 2327 quae
599 2279 675 2317 sint
694 2279 906 2316 animorum
925 2278 1233 2327 ingeniorumque
1258 2277 1431 2316 naturale
1459 2277 1650 2325 quoddam

163 2344 274 2393 quasi
301 2343 496 2392 pabulum,
524 2343 608 2392 plus
628 2342 666 2380 in
686 2354 725 2381 se
745 2342 882 2381 habere
903 2342 1068 2380 veritatis
1097 2339 1259 2390 (μᾶλλον
1285 2332 1342 2391 ὅν)
1372 2352 1488 2390 quam
1512 2340 1653 2386 cibum,

161 2410 304 2457 potum,
334 2408 407 2445 alia
435 2407 595 2456 corporis
624 2407 804 2445 alimenta
832 2394 962 2456 (ἧττον
990 2397 1047 2455 ὅν)
1078 2406 1188 2443 dicat.
1257 2405 1400 2443 Deinde
1429 2405 1482 2443 sic
1510 2405 1650 2453 pergit:

158 2465 205 2509 τὸ
232 2468 302 2509 τοῦ
329 2462 391 2508 ἆεί
422 2463 559 2519 ὁμοίου
588 2463 769 2519 ἐχόμενον
796 2468 864 2507 καὶ
902 2461 1107 2507 ἀθανάτου
1134 2466 1203 2506 καὶ
1238 2460 1432 2520 ἀληθείας
1458 2465 1527 2505 καὶ
1556 2459 1650 2506 αὐτὸ

159 2532 337 2574 τοιοῦτον
371 2526 417 2572 ὂν
452 2533 521 2572 καὶ
559 2532 600 2572 ἐν
634 2527 800 2584 τοιούτῳ
838 2527 1062 2584 γιγνόμενον
1086 2531 1235 2582 μᾶλλον
1262 2526 1364 2570 εἶναί
1397 2544 1463 2570 σοι
1491 2531 1601 2570 δοκεῖ
1628 2522 1653 2582 ἢ
