1786 2742
867 47 912 82 11

147 175 267 212 losam
294 177 333 213 et
359 175 512 212 inanem
541 174 592 222 (d.
612 174 701 222 plat.
719 173 779 211 Fr.
799 186 834 221 p.
859 174 934 211 103
954 173 1020 222 ff.).
1069 173 1172 220 Quae
1201 173 1298 221 quod
1326 174 1382 211 ita
1401 173 1488 217 sint,
1508 175 1622 220 negat

148 237 345 278 Platonem
379 238 479 278 certo
515 238 629 288 atque
663 236 857 288 perspicuo
891 247 1006 276 usum
1046 247 1127 276 esse
1156 235 1307 276 consilio
1334 235 1529 282 scribendi,
1559 235 1625 274 sed

149 304 293 341 dictum
319 303 410 341 illud
439 301 603 341 Socratis
633 302 687 350 (II
712 303 790 340 394
809 302 860 352 D)
907 294 951 339 οὗ
979 296 1051 351 γὰρ
1077 296 1125 352 δὴ
1154 299 1275 351 ἔγωγέ
1303 316 1371 339 πω
1400 295 1501 347 οἶδα,
1539 292 1625 338 ἀλλ’

148 358 229 417 ὅπῃ
256 356 304 402 ἂν
332 358 353 402 ὃ
379 358 495 416 λόγος
522 357 658 416 ὥσπερ
693 362 846 413 πνεῦμα
881 361 991 416 φέρῃ,
1029 358 1148 415 ταύτῃ
1183 361 1288 401 ἰτέον
1322 365 1369 401 ad
1404 366 1502 401 recte
1529 363 1626 400 iudi-

148 430 308 470 candam
344 430 499 469 Politiae
537 429 775 480 scriptionem
810 429 977 469 adhiberi
1010 429 1091 469 vult
1127 429 1187 479 (cf.
1224 428 1259 468 d.
1287 429 1336 479 pl.
1364 428 1423 468 Fr.
1451 441 1486 479 p.
1516 428 1551 474 6,
1582 428 1622 473 7;

148 494 183 533 (1.
211 495 260 544 pl.
290 494 345 533 St.
374 506 409 544 p.
438 494 491 543 4).

257 562 330 602 Sed
365 563 530 612 primum
565 562 627 601 ille
662 562 781 612 operis
808 562 1037 612 propositum
1071 573 1116 600 ac
1143 563 1447 611 compositionem
1474 573 1623 611 prorsus

148 627 351 676 neglexisse
379 626 543 672 videtur,
577 626 631 664 ita
658 628 702 664 ut
734 636 929 675 nunquam
965 626 1136 664 animum
1163 626 1319 664 inducat
1346 637 1521 675 quaerere
1549 637 1624 675 qua

149 703 297 741 quoque
334 692 412 730 loco
447 691 493 730 de
529 702 568 730 re
596 690 842 729 constitutum
877 690 927 729 sit
964 690 1142 729 disserere
1170 690 1332 740 quidque
1358 690 1474 739 igitur
1501 690 1622 739 aliquo

146 755 225 793 loco
261 755 487 805 exspectari,
526 754 616 803 quid
650 766 726 792 non
763 754 907 800 debeat,
943 754 1009 792 sed
1035 754 1242 803 philosophi
1269 754 1432 792 rationes
1460 754 1624 802 undique

147 819 296 869 colligat
322 821 361 858 et
386 819 485 858 inter
505 831 545 858 se
564 818 738 865 conferat,
766 818 866 858 unde
894 830 968 857 non
995 830 1135 869 paucas
1163 820 1201 857 et
1227 818 1483 862 dissociabiles
1512 817 1624 857 offen-

146 884 232 922 dere
259 884 530 933 discrepantias
558 895 632 921 non
659 884 809 921 mirum.
874 883 1015 921 Deinde
1050 883 1155 928 falso,
1184 883 1281 932 quod
1305 884 1345 920 in
1372 883 1492 932 priore
1520 884 1624 931 parte

149 941 268 1000 φύσιν
287 948 509 998 praevalere,
536 947 574 985 in
599 946 798 997 posteriore
816 946 986 986 idearum
1004 946 1211 986 doctrinam
1240 946 1339 993 dicit,
1367 947 1453 985 hinc
1470 946 1624 985 diversis

146 1014 353 1061 utramque
380 1012 611 1061 temporibus
640 1011 833 1056 attribuit,
869 1023 957 1049 cum
992 1012 1089 1049 hanc
1122 1011 1306 1060 duplicem
1343 1011 1624 1060 philosophandi

145 1076 330 1114 rationem
366 1075 466 1125 apud
503 1075 698 1114 Platonem
739 1074 854 1114 simul
893 1075 1047 1113 inveniri
1080 1075 1210 1114 doceat
1238 1075 1400 1114 Zellerus
1427 1075 1451 1112 1.
1479 1075 1503 1112 l.
1533 1074 1571 1112 II
1601 1075 1619 1112 1

148 1152 183 1190 p.
214 1137 312 1179 736:
354 1133 484 1178 ‘Beide
512 1140 909 1188 Darstellnngsweisen
927 1139 1051 1178 finden
1080 1140 1159 1178 sich
1173 1140 1233 1178 bei
1253 1140 1371 1185 Plato,
1400 1151 1506 1178 wenn
1526 1139 1623 1177 auch

146 1204 250 1244 nicht
277 1216 317 1243 so
346 1204 485 1244 schroff
509 1204 940 1253 auseinandergehalten‚
968 1204 1049 1243 dass
1068 1204 1121 1243 sie
1141 1204 1317 1243 einander
1345 1195 1619 1243 ausschlossen’

144 1272 182 1308 et
208 1268 297 1307 ibid.
325 1281 360 1318 p.
392 1270 488 1308 739:
529 1262 603 1307 ‘die
641 1268 809 1307 Einsicht
841 1269 919 1307 und
956 1269 1015 1307 die
1043 1269 1245 1314 Vemunst,
1283 1271 1367 1317 sagt
1394 1280 1434 1307 er
1463 1268 1620 1317 (Phileb.

142 1333 193 1370 28
222 1333 265 1370 A.
293 1332 329 1369 ff.
360 1332 410 1370 64
449 1331 505 1383 C.)
550 1333 681 1371 stehen
722 1332 925 1381 allerdings
966 1333 1139 1381 ungleich
1180 1333 1298 1370 hohcr
1333 1333 1388 1370 als
1426 1332 1483 1370 die
1517 1332 1620 1377 Lust,

222 1426 231 1434 .
262 1426 270 1434 .
300 1396 388 1434 aber
415 1396 511 1434 doch
537 1400 633 1435 ware
669 1396 730 1435 ein
757 1396 879 1435 Leben
913 1397 1008 1435 ohne
1045 1397 1116 1435 alle
1143 1396 1396 1446 Empfindung
1430 1396 1495 1434 der
1527 1395 1621 1434 Lust

141 1460 229 1498 oder
269 1460 335 1498 der
376 1460 516 1498 Unlust
564 1460 644 1498 eine
677 1460 778 1498 reine
812 1460 991 1509 Apathie‚
1027 1461 1123 1498 auch
1157 1461 1261 1498 nicht
1289 1461 1618 1504 wunschenswert3

142 1523 276 1562 ebenso
317 1523 406 1561 aber
446 1523 570 1561 konne
607 1523 675 1561 auf
707 1523 793 1562 dem
827 1522 981 1562 Gebiete
1020 1523 1084 1562 des
1112 1523 1283 1562 Wissens
1320 1523 1377 1562 die
1415 1523 1514 1562 reine
1543 1523 1620 1561 und

142 1588 261 1626 ideale
290 1587 528 1625 Erkenntniss
561 1587 621 1625 for
657 1588 737 1625 sich
774 1588 898 1633 allein,
936 1588 1077 1626 obwohl
1104 1588 1188 1626 weit
1216 1588 1283 1626 das
1311 1588 1487 1630 Hoehste,
1516 1587 1621 1625 nicht

141 1656 322 1701 genugen‚
352 1650 511 1690 sondern
548 1663 587 1690 es
621 1656 749 1690 musse
782 1651 841 1690 die
867 1651 1024 1701 richtige
1052 1651 1292 1700 Vorstellung
1319 1651 1618 1695 hinzukommen‚

142 1717 238 1753 ohne
266 1716 325 1753 die
353 1727 444 1753 man
472 1716 551 1753 sich
579 1715 647 1754 auf
671 1715 736 1754 der
763 1716 859 1754 Erde
895 1716 999 1754 nicht
1034 1716 1310 1754 zurechtfinden
1338 1717 1470 1761 kenne,
1498 1716 1621 1754 semer

140 1778 200 1817 die
245 1778 373 1816 Kunst
420 1778 573 1828 (Musik)
621 1779 678 1817 als
732 1778 1017 1818 unentbehrlich
1072 1790 1138 1817 zur
1190 1779 1500 1827 Verschonerung
1554 1779 1619 1818 des

141 1834 296 1881 Lebens'
325 1844 396 1880 etc.

247 1910 414 1950 Profecto
443 1910 475 1950 si
503 1911 606 1961 quis,
633 1913 678 1950 ut
713 1911 803 1950 facit
838 1911 945 1950 Plato
981 1911 1022 1950 in
1050 1912 1207 1962 septimo
1242 1911 1480 1962 Reipublicae
1514 1911 1618 1957 libro,

141 1986 384 2025 quaecunque
412 1975 493 2013 visa
521 1975 604 2014 sint
623 1978 660 2014 et
686 1978 858 2025 percepta
887 1976 1056 2015 sensibus
1099 1988 1185 2015 vera
1218 1977 1378 2015 essentia
1419 1977 1528 2026 plane
1556 1977 1622 2016 de-

141 2039 275 2077 stituta
303 2050 384 2077 esse
412 2041 451 2077 et
477 2038 591 2078 videri
619 2041 769 2077 tantum
795 2040 865 2077 sibi
891 2040 1126 2089 persuaserit,
1156 2052 1291 2079 eumne
1312 2040 1357 2079 ad
1378 2052 1619 2078 communem

138 2103 237 2141 vitae
266 2102 575 2141 consuetudinem
602 2102 657 2141 ita
684 2102 951 2142 descensurum
977 2105 1089 2153 putas
1113 2105 1277 2143 utnulla
1295 2105 1334 2142 in
1353 2116 1392 2142 re
1411 2104 1618 2143 doctrinam

140 2178 251 2205 suam
277 2167 473 2216 negligat?
527 2167 583 2206 De
612 2178 686 2217 qua
713 2179 753 2206 re
781 2168 970 2217 praeclara
998 2170 1087 2207 sunt
1115 2180 1211 2218 quae
1239 2169 1330 2207 dixit
1358 2179 1530 2208 summus
1555 2170 1617 2208 ille

140 2230 409 2270 Britannorum
436 2231 675 2281 philosophus
703 2231 869 2271 Humius
907 2233 947 2271 in
984 2232 1140 2282 dialogis
1169 2233 1246 2272 suis
1275 2233 1320 2272 de
1348 2233 1524 2282 religione
1552 2245 1619 2271 na-

139 2295 254 2333 turali
283 2295 448 2345 scriptis,
483 2295 551 2334 ubi
578 2307 665 2334 cum
692 2297 814 2335 multa
841 2297 989 2346 egregie
1016 2308 1060 2336 ac
1087 2297 1274 2336 luculente
1303 2299 1432 2336 contra
1459 2298 1618 2347 Pyrrho-

139 2359 306 2398 nismum
334 2370 448 2409 quem
482 2359 614 2399 dicunt
650 2360 863 2411 disputavit,
891 2363 975 2399 tum
1002 2363 1202 2411 postquam
1230 2362 1424 2401 Philonem
1452 2363 1552 2400 varie
1579 2364 1618 2400 et

139 2423 283 2473 copiose
320 2423 366 2463 de
399 2421 570 2462 omnium
604 2436 701 2474 quae
735 2425 805 2464 sub
843 2437 974 2464 sensus
1016 2425 1156 2465 cadunt
1183 2437 1308 2465 rerum
1328 2427 1482 2465 veritate
1510 2426 1617 2465 dubi-

139 2488 286 2526 tantem
313 2488 433 2537 iisque
460 2491 504 2527 ut
522 2489 672 2527 incertis
692 2490 945 2528 assensionem
963 2490 1198 2529 cohibentem
1226 2491 1325 2536 fecit,
1353 2491 1509 2539 denique
1537 2491 1616 2540 ipse
