1786 2742
878 44 929 81 39

161 184 249 211 cum
284 171 376 211 ideis
413 172 688 211 cohaerentiam
726 173 763 211 et
795 171 1094 210 coniunctionem
1133 171 1244 221 plane
1277 170 1433 215 tolleret,
1471 170 1639 210 confuta-

160 238 355 276 vissemus.
418 236 524 285 Quod
560 237 637 274 iam
675 237 766 275 satis
801 236 948 275 videtur
981 236 1154 274 effectum
1190 247 1281 274 esse.
1350 235 1449 273 Nam
1487 236 1638 274 animus

161 301 314 351 quidem
343 301 529 350 tripartito
556 301 698 339 divisus
727 301 817 350 quin
844 300 884 338 in
911 301 995 339 idea
1023 301 1108 339 boni
1136 301 1262 339 omnia
1288 300 1504 339 moderante
1525 302 1637 349 atque

160 365 362 404 adornante
381 366 562 404 consistat
580 366 682 404 nulla
710 365 872 415 profecto
891 367 950 403 est
976 365 1169 403 dubitatio,
1224 366 1347 413 Atque
1366 364 1467 403 haud
1487 365 1562 403 scio
1588 376 1636 403 an

160 430 259 468 recte
278 429 512 468 iudicaturus
533 430 616 475 sim,
637 430 667 467 si
687 431 816 467 contra
835 440 879 467 ac
898 429 1087 467 Krohnius
1106 429 1222 466 voluit
1238 428 1287 477 (d.
1307 429 1355 477 pl.
1377 429 1434 466 Fr.
1449 441 1482 478 p.
1506 430 1545 478 3)
1562 440 1636 467 non

160 493 321 531 civitatis
349 493 680 531 conformationem
714 493 762 530 ad
790 493 958 530 animum
996 492 1124 541 (quem
1153 504 1219 530 suo
1247 492 1491 530 fundamento
1520 504 1635 541 eoque

160 556 372 595 firmissimo
408 557 465 594 uti
502 557 674 607 scimus),
717 556 780 595 sed
815 556 932 594 animi
967 555 1243 605 discriptionem
1279 555 1326 593 ad
1367 556 1636 605 rempublicam

160 621 284 659 dicam
311 621 525 658 traductam
554 632 646 666 esse,
680 622 724 658 ut
750 620 849 658 illius
878 621 986 669 quasi
1014 619 1199 668 quaedam
1226 619 1401 667 grandior
1429 631 1473 657 ac
1492 621 1638 668 magni-

159 685 329 724 ficentior
368 685 491 734 imago
534 685 698 723 exsistat.
772 684 960 722 Nimirum
1003 684 1034 722 si
1081 695 1164 722 vere
1206 683 1395 722 Krohnius
1436 684 1636 733 principale

158 750 326 787 Platonis
354 750 548 787 consilium
578 749 717 787 versari
753 750 789 786 in
819 760 860 786 eo
888 749 991 797 ponit
1025 750 1068 786 ut
1104 750 1242 786 natura
1283 749 1400 786 animi
1429 762 1448 787 e
1476 749 1637 786 civitatis

158 813 277 851 forma
306 814 419 861 atque
448 813 539 851 haec
557 812 718 851 invicem
748 824 791 850 ex
810 813 874 850 illa
894 812 1095 861 explicetur
1119 814 1157 850 et
1175 811 1371 860 aperiatur,
1400 812 1638 861 vehementer

158 889 329 916 veremur
365 888 411 915 ne
447 877 556 915 huius
593 877 745 915 rationis
782 876 889 915 facile
926 876 1113 925 quispiam
1148 876 1280 925 duplex
1309 876 1489 915 mendum
1515 888 1637 926 repre-

159 941 312 987 hendat,
340 952 459 978 unum
487 940 584 989 quod
612 940 651 978 in
679 941 815 978 circulo
844 940 1007 989 quodam
1034 942 1211 984 versetur,
1246 941 1407 978 alterum
1435 941 1532 989 quod
1560 952 1637 979 res-

157 1005 305 1054 publica
339 1005 442 1054 prius
470 1005 693 1053 depingatur
720 1016 835 1053 quam
863 1005 1011 1042 animus
1040 1004 1238 1048 humanus,
1272 1005 1311 1042 in
1340 1016 1412 1053 quo
1441 1006 1635 1053 tamquam

156 1068 400 1107 fundamento
448 1068 639 1106 consistat.
653 1069 681 1117 ¹)
763 1068 908 1105 Horum
959 1068 1119 1105 alterum
1171 1068 1321 1116 quidem
1377 1069 1491 1106 etiam
1537 1080 1635 1106 nunc

157 1134 297 1178 manet,
325 1132 427 1182 prius
453 1134 552 1171 certe
571 1132 723 1170 tollitur.
772 1132 895 1179 Quam
914 1132 1139 1170 sententiam
1158 1132 1211 1170 ita
1230 1132 1368 1181 optime
1390 1132 1635 1178 stabiliemus,

156 1196 187 1234 si
221 1196 259 1234 in
294 1197 458 1246 perfecta
496 1196 646 1234 civitate
681 1196 767 1234 boni
806 1196 966 1245 speciem
1003 1207 1076 1234 non
1112 1196 1237 1234 minus
1265 1207 1379 1245 quam
1407 1197 1447 1234 in
1477 1197 1634 1245 singulis

157 1260 291 1299 animis
321 1272 532 1310 expressam
560 1261 661 1298 cerni
688 1260 796 1309 paulo
826 1260 1006 1309 copiosius
1035 1260 1322 1309 exposuerimus.

266 1335 335 1373 Est
362 1346 446 1374 vero
474 1335 643 1373 idearum
670 1335 734 1373 illa
762 1335 869 1383 longe
897 1346 1045 1374 summa
1073 1346 1116 1373 ac
1144 1335 1313 1385 princeps
1341 1335 1395 1373 ita
1420 1338 1635 1385 comparata

156 1400 210 1444 ut,
240 1400 410 1448 quamvis
430 1410 454 1437 a
472 1410 575 1438 mera
604 1410 783 1437 sensuum
811 1400 998 1448 voluptate
1028 1399 1232 1444 abhorreat,
1246 1400 1275 1449 ²)
1305 1401 1433 1438 tamen
1460 1400 1633 1438 omnibus

157 1464 268 1502 rebus
298 1475 407 1502 suam
437 1464 641 1502 bonitatem
669 1465 781 1513 atque
809 1463 1014 1502 utilitatem
1041 1464 1225 1512 praebeat,
1254 1463 1292 1501 id
1312 1464 1410 1513 quod
1429 1464 1634 1503 clarissime

157 1527 366 1565 ostenditur
402 1528 459 1564 his
493 1528 614 1565 verbis
643 1527 695 1564 VI
725 1528 801 1564 505
830 1528 879 1564 A:
917 1524 1006 1564 ἐπεὶ
1044 1520 1104 1564 ὅτι
1143 1539 1184 1576 γε
1212 1520 1234 1577 ἡ
1262 1525 1331 1565 τοῦ
1358 1519 1516 1577 ἀγαθοῦ
1542 1524 1635 1565 ἰδέα

155 1588 342 1642 μέγιστον
381 1584 554 1643 μάθημα
588 1584 783 1637 πολλάκις
823 1582 1011 1643 ἀκήκοας,
1054 1578 1078 1643 ᾖ
1115 1589 1182 1628 καὶ
1226 1587 1363 1628 δίκαια
1403 1589 1471 1629 καὶ
1513 1581 1636 1629 τᾶλλα

154 1649 481 1706 προσχρησάμενα
516 1649 687 1706 χρήσιμα
723 1653 790 1692 καὶ
820 1648 1003 1706 ὠφέλιμα
1044 1652 1227 1705 γίγνεται.
1302 1655 1408 1703 Quod
1442 1657 1632 1705 reputanti

154 1730 277 1758 nonne
307 1719 436 1758 statim
464 1719 502 1757 in
530 1721 694 1758 mentem
721 1719 822 1758 venit
848 1719 1167 1769 praeclarissimae
1194 1719 1293 1758 vocis
1323 1731 1345 1758 a
1374 1719 1530 1759 Platone
1559 1732 1634 1758 non

154 1784 267 1822 semel
303 1784 378 1832 (IV.
400 1785 477 1821 420
506 1784 550 1821 B.
580 1785 652 1821 421
686 1784 730 1821 B.
766 1784 838 1821 VII
868 1784 944 1821 519
973 1784 1015 1822 Ε.
1044 1784 1098 1821 VI
1127 1785 1202 1821 500
1232 1784 1282 1833 D)
1318 1786 1522 1833 usurpatae
1560 1797 1634 1833 qua

154 1858 227 1884 non
268 1857 355 1885 eum
397 1847 450 1884 ait
491 1848 700 1885 extremum
742 1857 823 1885 esse
864 1848 1094 1896 propositum
1132 1847 1273 1885 civitati
1311 1847 1424 1885 finem
1457 1851 1501 1885 ut
1535 1860 1634 1886 unus

155 1911 289 1959 aliquis
326 1911 413 1949 ordo
450 1912 595 1960 praeter
629 1913 769 1949 ceteros
810 1910 957 1956 floreat,
1001 1911 1064 1949 sed
1107 1914 1150 1950 ut
1191 1923 1307 1960 aeque
1348 1923 1476 1950 omnes
1519 1923 1634 1961 quam

155 1974 319 2013 maxima
345 1972 530 2025 {felicitate
567 1974 764 2013 fruantur?
828 1976 950 2024 Atque
991 1975 1029 2013 in
1071 1975 1223 2014 civitate
1265 1976 1312 2013 ab
1349 1987 1391 2014 eo
1428 1977 1634 2025 excogitata

156 2050 252 2087 quae
293 2038 497 2077 inhumane
539 2049 583 2076 ac
624 2038 824 2077 crudeliter
865 2039 1009 2077 sancita
1050 2038 1262 2085 offendunt,
1305 2051 1425 2078 nonne
1466 2040 1633 2079 indidem

155 2102 280 2141 omnia
315 2103 465 2141 veniam
501 2102 641 2141 habent
681 2102 779 2152 quod
815 2102 923 2141 aliter
964 2114 1051 2142 cum
1094 2104 1214 2143 salute
1252 2104 1404 2153 publica
1442 2104 1522 2143 fieri
1559 2117 1632 2143 non

156 2179 264 2216 posse
292 2167 514 2206 videbatur?
577 2167 617 2206 Si
650 2168 751 2205 enim
785 2167 951 2205 homines
987 2168 1141 2206 scelesto
1179 2168 1328 2217 ingenio
1356 2180 1470 2218 eoque
1499 2181 1633 2219 parum

155 2231 377 2269 emendabili
405 2231 573 2279 praediti,
609 2243 655 2269 ne
684 2231 824 2269 scilicet
851 2232 1013 2269 vinculis
1049 2232 1200 2270 tenendi
1230 2233 1309 2270 suis
1338 2233 1481 2271 civibus
1509 2245 1632 2271 moras

154 2296 192 2332 et
229 2295 434 2344 impensas
458 2294 631 2340 afferant,
667 2295 774 2333 nulla
811 2294 1041 2334 dubitatione
1078 2295 1298 2345 interposita
1334 2297 1513 2346 supplicio
1554 2297 1633 2335 affi-

260 2432 284 2472 ¹)
306 2431 461 2464 Similiter
483 2431 715 2464 Stallbamnius
739 2433 856 2474 proleg.
881 2442 910 2472 p,
935 2433 986 2464 44.

259 2497 284 2535 2)
307 2495 355 2526 Cf.
380 2494 494 2527 Phileb
529 2497 569 2528 53
586 2495 621 2527 C.
