1786 2742
822 75 872 112 14

106 204 294 252 leguntur,
322 203 498 242 videntur
516 203 781 253 comprobare),
810 203 876 242 sed
895 203 1010 243 etiam
1035 204 1080 242 ut
1098 202 1205 242 Plato
1223 203 1302 254 ipse
1321 203 1592 254 rempublicam

105 278 215 305 suam
243 267 547 305 commenticiam
574 267 614 304 in
640 267 810 305 iustitiae
837 268 885 313 et,
914 270 957 305 ut
986 268 1117 305 statim
1144 268 1347 317 apparebit,
1375 268 1462 306 boni
1488 268 1593 305 idea-

103 342 188 369 rum
226 331 335 380 quasi
373 341 461 369 area
503 330 772 381 exstruxerit1).
841 330 1015 380 Namque
1058 330 1144 369 boni
1185 330 1311 370 ideam
1350 342 1426 370 non
1468 331 1592 370 solum

103 395 302 432 scientiam
348 395 525 444 praebere
566 395 673 443 longe
716 394 982 443 gravissimam
1023 406 1068 433 ac
1101 395 1489 444 praestantissimam,
1526 394 1591 433 sed

103 459 219 497 etiam
256 458 426 496 omnium
461 469 556 507 quae
593 458 798 507 gignantur
836 460 874 499 et
901 459 1048 497 exstent
1084 469 1241 497 causam
1267 470 1313 497 ac
1339 458 1480 497 fontem
1507 470 1589 497 esse

104 524 304 561 aeternum
331 524 369 561 et
396 522 505 571 quasi
532 522 799 561 inexhaustum
826 522 937 571 paulo
969 524 1054 572 post
1072 522 1225 562 docetur
1242 522 1296 561 VI
1315 523 1392 561 505
1411 523 1456 569 Α,
1474 533 1590 572 quam

102 587 291 626 intuentes
318 586 526 637 philosophi
553 586 680 625 omnia
708 586 756 625 ad
784 597 977 625 summam
1003 586 1201 626 hominum
1238 587 1399 626 salutem
1427 597 1590 626 commo-

101 651 268 701 dumque
295 663 369 690 non
397 651 542 701 possint
568 663 644 690 non
678 651 871 701 aptissime
900 651 1021 690 facere
1050 649 1158 701 (ἐπεὶ
1187 643 1248 689 ὅτι
1276 664 1318 703 γε
1345 644 1368 703 ἡ
1395 649 1465 690 τοῦ
1491 643 1588 702 ἄγα-

99 712 181 753 θοῦ
207 711 297 753 ἰδέα
323 713 510 765 μέγιστον
535 708 709 767 μάθημα
735 708 933 761 πολλάκις
959 707 1153 767 ἀκήκοας,
1192 703 1217 766 ᾗ
1251 713 1321 753 καὶ
1355 711 1494 753 δίκαια
1520 713 1589 752 καὶ

99 769 223 817 τᾶλλα
274 772 601 831 προσχρησάμενα
638 772 809 831 χρήσιμα
852 776 921 817 καὶ
964 771 1149 831 ὠφέλιμα
1189 776 1387 830 γίγνεται).
1464 780 1588 828 Atque

102 843 219 881 etiam
253 855 295 881 eo
323 843 567 882 confirmatur
603 843 790 882 sententia
827 844 956 882 nostra
984 843 1083 892 quod
1110 843 1217 882 Plato
1245 844 1351 882 illam
1379 854 1474 892 quae
1503 854 1589 881 con-

99 906 223 945 denda
261 907 309 945 sit
346 918 369 945 a
403 906 630 956 philosophis
667 907 859 945 civitatem
896 918 965 945 sua
1014 918 1130 955 quam
1166 906 1245 956 ipse
1292 908 1403 945 antea
1441 907 1589 945 finxerit

99 970 312 1008 inferiorem
340 982 422 1009 esse
450 970 638 1019 significat
665 970 699 1008 V
727 971 806 1009 473
834 971 868 1008 A
885 960 985 1041 Λρ’ἶ
998 963 1082 1008 οἷόν
1116 967 1162 1008 τὲ
1194 984 1235 1008 τι
1263 967 1493 1022 πραχθῆναι
1535 963 1590 1015 ὦς

97 1025 306 1085 λέγεται,’
294 1048 318 1086 η
346 1045 465 1086 φυσιν
493 1030 587 1110 ἔχειτ
607 1031 753 1082 πρᾶξιν
785 1031 927 1081 λέξεως
961 1022 1076 1086 ἧττον
1103 1025 1297 1086 ἀληθείας
1324 1027 1588 1087 ἐφάπτεσθαι

99 1127 264 1137 .....
302 1089 401 1144 αλλ,
441 1092 509 1135 ἐὰν
546 1091 627 1135 οἷοί
660 1110 703 1135 τε
741 1092 950 1148 γενώμεθα
987 1090 1109 1149 εὗρεῖν
1136 1091 1190 1143 ὦς
1216 1112 1264 1135 αν
1292 1092 1484 1148 ἐγγίτατα
1510 1095 1589 1135 τῶν

97 1158 309 1213 εἰρημένων
349 1156 470 1207 πόλις
512 1155 704 1213 οἷκήσειε,
748 1155 872 1213 φάναι
914 1154 1016 1213 ἡμᾶς
1052 1159 1314 1213 ἐξευρηκέναι,
1351 1154 1406 1207 ὦς
1446 1155 1589 1200 δυνατὰ

97 1224 222 1266 ταῦτα
249 1215 527 1278 γίγνεσθαι,“
501 1241 527 1266 α
555 1219 603 1266 σὺ
632 1220 869 1275 ἐπιτάττεις,
911 1226 1048 1277 quibus
1075 1226 1199 1267 verbis
1233 1237 1300 1267 nos
1329 1226 1481 1278 quidem
1508 1226 1588 1267 iure

98 1291 203 1328 nobis
232 1291 404 1339 colligere
431 1291 603 1328 videmur
630 1291 822 1328 civitatem
850 1291 1085 1328 Platonicam
1121 1302 1197 1328 11011
1225 1292 1350 1328 00111111
1383 1292 1423 1328 111
1450 1293 1588 1329 natura

38 1371 40 1373 ·
97 1357 211 1404 atque
247 1354 371 1394 indole
407 1354 575 1394 humana
615 1347 764 1408 (φύσις)
780 1383 790 1401 ,
831 1355 877 1394 ut
909 1353 1057 1393 videtur
1088 1351 1377 1401 Κ10111110,’00(1
1404 1353 1519 1393 etiam
1545 1353 1584 1392 111

98 1419 191 1456 1ᾱο10
220 1419 442 1456 collocatam
468 1430 561 1456 esse.
619 1418 743 1465 Quam
762 1419 864 1456 0111111
882 1418 1044 1467 profecto
1072 1421 1171 1456 esset
1191 1419 1398 1456 absurdum
1425 1419 1584 1466 priorem

97 1482 262 1521 civitatis
291 1482 463 1532 speciem,
493 1481 525 1520 si
553 1492 637 1521 vere
665 1493 709 1521 ea
741 1481 981 1533 psychologia
1009 1492 1104 1531 quae
1132 1481 1270 1520 dicitur
1297 1481 1474 1532 empirica
1501 1481 1585 1519 fun-

98 1547 189 1585 data
216 1548 326 1592 esset,
355 1546 610 1596 perfectiorem
638 1548 752 1595 atqoe
780 1546 1037 1595 augustiorem
1055 1547 1131 1585 fore
1150 1547 1217 1585 illa
1235 1558 1351 1596 quam
1377 1546 1584 1596 philosophi

206 1674 230 1715 ¹)
254 1673 427 1706 Teuffelius
446 1665 680 1715 (Ubersetzung
702 1684 732 1714 p.
757 1674 790 1714 6)
820 1675 853 1706 et
874 1673 1106 1706 Stallbaumius
1127 1673 1267 1715 prolegg.
1291 1683 1321 1714 p.
1344 1673 1389 1705 LI
1405 1672 1488 1706 idem
1513 1683 1583 1709 sen-

95 1727 192 1765 tiunt,
216 1736 409 1768 quamquam
444 1736 506 1759 non
540 1726 659 1758 eisdem
694 1726 811 1767 quibus
834 1736 890 1758 nos
925 1726 1002 1758 locis
1030 1727 1187 1759 nituntur.
1233 1727 1445 1758 Susemihlius
1467 1736 1497 1767 p.
1520 1727 1583 1762 289

95 1779 254 1819 dissentit,
278 1780 355 1821 quia
377 1780 502 1813 civitati
532 1779 755 1812 tantummodo
784 1778 919 1811 εἱδωλσν
942 1775 1075 1822 ἀρετῆς,
1105 1790 1171 1812 non
1193 1781 1263 1821 ipsa
1285 1780 1389 1812 virtus
1410 1779 1581 1820 tribuatur,

97 1833 168 1866 idea
192 1843 264 1865 vero
287 1833 359 1865 boni
385 1843 446 1865 non
469 1834 502 1864 in
526 1833 626 1865 1011110
658 1833 848 1874 reipublicae
870 1833 1155 1871 consummatione,
1187 1833 1242 1865 sed
1269 1833 1385 1865 civium
1415 1833 1584 1865 dumtaxat

93 1886 235 1918 moribus
273 1886 474 1928 ingeniisque
511 1885 689 1918 excolendis
727 1887 990 1927 repraesentetur.
1049 1885 1110 1926 Sed
1143 1886 1191 1917 IV
1213 1886 1277 1919 443
1290 1885 1317 1918 C
1349 1885 1433 1927 quod
1465 1886 1582 1918 dicitur

93 1938 229 1971 εἴδωλον
250 1951 284 1970 τι
305 1939 362 1979 τῆς
384 1937 591 1978 δικαιοσύνης
612 1949 674 1971 11011
697 1938 738 1971 ad
761 1939 940 1971 universam
964 1939 1136 1978 civitatem,
1160 1939 1215 1971 sed
1237 1939 1381 1980 singulos
1403 1939 1472 1971 01110
1494 1939 1581 1971 ordi-

94 2003 149 2026 nes
166 1993 313 2034 pertinet.
350 1993 411 2033 Qui
434 2002 506 2025 cum
529 2003 587 2025 0110
609 1992 742 2034 quisque
757 2002 885 2025 munere
906 1992 1070 2034 fungendo
1094 1992 1295 2025 continentur
1317 1992 1369 2034 (cf.
1384 1992 1419 2025 Π
1434 1993 1498 2027 390
1511 1992 1581 2032 ΒΟ,

93 2057 187 2087 quem
217 2047 320 2079 locum
353 2056 373 2079 a
403 2046 539 2079 Platone
567 2047 680 2087 respici
708 2048 819 2087 patet),
858 2046 1001 2078 iustitiae
1036 2046 1157 2079 habent
1193 2047 1352 2087 quandam
1390 2047 1581 2088 imaginem;

94 2100 235 2132 omnium
266 2110 340 2132 vero
367 2099 408 2132 ad
439 2109 538 2131 unum
568 2099 661 2132 finem
693 2100 843 2131 concentu
872 2108 1089 2140 consensuque
1118 2099 1257 2140 perfecta
1284 2100 1426 2132 civitatis
1456 2100 1582 2132 iustitia

91 2153 239 2194 efficitur⁷
262 2153 412 2186 similiter
441 2155 537 2195 atque
566 2153 674 2185 anima
705 2152 816 2185 tribus
832 2153 898 2184 suis
928 2152 1075 2194 partibus
1104 2152 1213 2185 eodem
1240 2153 1494 2194 conspirantibus
1523 2163 1581 2186 usa

93 2207 181 2239 iusta
202 2207 393 2248 appellatur.
438 2206 487 2239 Cf.
511 2216 541 2248 p.
565 2206 614 2238 IV
628 2207 693 2239 444
708 2206 737 2238 A
766 2202 827 2237 τὸν
853 2208 916 2247 μὲν
945 2205 1073 2238 δίκαιον
1101 2209 1156 2237 καὶ
1186 2202 1291 2249 ἄνδρα
1318 2209 1373 2237 καὶ
1401 2204 1499 2238 πόλιν
1526 2210 1581 2238 καὶ

88 2259 259 2292 Summanu
252 2273 308 2300 ἠν,
339 2274 356 2292 0
385 2273 424 2291 'tv
425 2258 539 2303 γχάνέί
572 2273 608 2291 ὃν
637 2256 750 2293 αυτοῖς
778 2255 825 2297 ὃν,
859 2261 888 2291 εἷ
921 2263 993 2302 φαῖΙ
995 2273 1043 2291 [ἓν
1072 2255 1248 2302 δυρηκέενωῐι
1281 2273 1336 2291 Ουκ
1359 2273 1400 2292 (nl
1427 2273 1516 2293 πάνυ
1536 2273 1578 2298 Tb,

89 2314 191 2356 οἶμαι,
222 2312 379 2355 δόξαιμεν
408 2312 605 2356 ψεύδεσθαι.
667 2314 710 2346 Et
740 2313 842 2346 ideam
873 2313 964 2353 boni,
995 2323 1032 2346 ex
1055 2324 1119 2355 qua
1148 2314 1254 2347 omnia
1282 2314 1446 2347 hominum
1476 2315 1581 2348 fluunt

90 2367 257 2400 commoda
280 2368 500 2408 utilitatesque
523 2367 574 2408 (cf,
600 2367 646 2399 VI
663 2368 726 2400 505
742 2367 799 2408 A),
830 2377 891 2399 non
915 2367 1017 2399 solum
1041 2368 1072 2399 in
1096 2367 1273 2400 eruditione
1295 2368 1428 2407 civium,
1461 2370 1497 2400 ut
1519 2369 1579 2401 Su-

90 2420 239 2452 semihlio
256 2420 390 2457 videtur,
415 2420 470 2452 sed
493 2420 523 2451 in
540 2419 640 2451 totius
656 2419 848 2459 reipublicae
863 2420 947 2451 corni
964 2419 1220 2457 conformatione,
1244 2421 1393 2460 aperiunt
1407 2421 1455 2452 IV
1466 2422 1530 2459 420
1541 2422 1578 2459 B,

91 2474 153 2506 421
175 2473 237 2513 Bs,
262 2472 309 2504 VI
326 2473 388 2506 500
404 2472 442 2511 D,
468 2472 532 2505 VII
547 2473 610 2505 519
626 2472 661 2510 C,
687 2472 740 2504 ubi
766 2472 799 2504 id
821 2472 1023 2513 potissimum
1046 2472 1206 2504 indicatur
1234 2483 1294 2504 non
1329 2472 1422 2505 unius
1444 2474 1578 2506 alicuius

92 2526 222 2565 ordinis,
246 2526 300 2558 sed
327 2525 492 2559 universae
514 2526 675 2558 societatis
697 2526 801 2558 civilis
824 2536 918 2566 quam
942 2526 1112 2559 maximam
1135 2527 1242 2566 appeti
1265 2526 1460 2560 felicitatem.
