1786 2742
854 60 879 95 4

121 185 359 233 aliquantum
389 184 466 223 veri
494 185 609 223 etiam
637 184 861 234 depravatae
889 185 1045 234 imagini
1073 185 1204 223 subsit.
1268 185 1375 233 Quod
1408 186 1448 224 in
1480 186 1607 225 Eccle-

120 248 356 287 siazusarum
384 248 512 287 fabula
541 260 580 287 se
608 249 663 286 ita
690 249 827 287 habere
855 260 1050 297 negamus.

228 323 399 362 Primum
437 323 539 362 enim
579 323 679 372 leges
722 324 767 362 de
803 324 1064 362 communione
1106 324 1288 363 bonorum
1324 336 1369 363 ac
1403 325 1604 364 mulierum

117 386 204 424 ferri
232 387 332 436 apud
359 387 547 425 comicum
574 387 727 436 quidem
755 398 797 425 eo
825 389 977 425 tantum
1004 388 1192 436 probabile
1221 388 1380 426 efficitur
1407 389 1505 438 quod
1532 390 1603 428 hae

117 461 215 489 unae
258 450 426 489 nondum
464 450 540 489 sint
574 450 613 488 in
649 451 937 489 Atheniensium
977 451 1111 501 populo
1148 463 1282 490 suasae
1317 463 1362 490 ae
1395 454 1602 502 temptatae

118 514 166 563 (v.
195 514 304 564 456),
332 526 421 552 eum
450 515 491 552 in
518 514 709 563 republica
737 514 869 552 eadem
902 526 961 553 res
989 526 1077 553 cum
1113 527 1262 554 summo
1297 516 1415 565 operis
1451 516 1524 555 fine
1559 528 1603 555 ac

116 578 319 626 proposito,
356 580 400 616 ut
433 578 565 616 civitas
601 589 716 627 quam
752 579 914 617 maxime
949 578 1029 617 fieri
1064 579 1182 628 possit
1224 579 1454 629 simplicitati
1489 582 1603 629 atque

116 641 253 679 unitati
280 642 450 681 idearum
485 642 807 688 accommodetur,
844 642 1032 681 artissime
1060 643 1266 682 cohaereat.
1321 643 1465 683 Deinde
1494 644 1602 683 Plato

115 706 316 751 bonorum,
349 707 569 752 liberorum,
602 707 826 751 mulierum,
855 707 1052 755 epularum
1080 707 1382 746 communionem
1409 708 1450 745 in
1479 709 1601 746 solum

116 769 316 807 custodum
351 770 519 808 ordinem
556 770 762 815 concludit,
797 770 1063 819 Aristophanes
1100 770 1273 809 omnibus
1309 782 1354 809 ea
1396 772 1602 820 aequaliter

115 833 259 871 tribuit.
329 833 397 872 Ille
422 834 490 871 uni
515 833 636 871 ordini
654 833 763 877 tertio
782 836 984 882 quaestum
1010 845 1054 872 ac
1078 834 1281 883 peculiares
1301 846 1387 884 opes
1406 835 1601 884 permittit,

114 897 213 935 unde
232 897 375 935 victum
400 897 618 935 custodibus
637 897 939 946 principibusque
965 897 1122 943 solvant,
1141 898 1324 947 principes
1343 898 1442 947 ipsos
1463 910 1600 936 aurum

113 960 300 1009 possidere
319 962 441 1006 vetat;
469 960 530 999 hic
548 960 723 999 omnibus
750 960 920 999 omnium
946 961 1058 999 rebus
1085 961 1125 999 in
1144 972 1264 999 unum
1297 961 1442 1000 collatis
1468 957 1602 1000 mulie-

113 1036 273 1073 rumque
291 1026 332 1063 in
350 1027 575 1074 potestatem
601 1025 764 1064 redactis
791 1025 981 1064 neminem
1009 1025 1216 1074 quidquam
1240 1026 1445 1064 habentem
1464 1027 1601 1075 proprii

113 1089 359 1137 dominasque
401 1089 580 1138 populum
618 1089 783 1127 alentem
823 1089 924 1127 facit.
981 1088 1086 1136 Quae
1127 1093 1236 1127 611111
1256 1090 1311 1127 ita
1353 1090 1450 1134 sint,
1491 1089 1599 1127 Plato

111 1152 268 1190 tertium
286 1163 405 1200 genus
425 1152 564 1190 civium
591 1163 699 1200 agros
725 1152 857 1198 colere,
877 1153 1146 1201 Aristophanes
1166 1164 1290 1191 servos
1310 1153 1425 1191 iubet.
1472 1152 1599 1191 Etiam

111 1216 232 1254 maior
257 1215 299 1253 in
319 1215 469 1254 feminis
487 1216 688 1265 liberisque
708 1216 972 1254 communibus
991 1216 1090 1254 inter
1107 1217 1313 1265 utrumque
1332 1215 1597 1255 dissimilitudo

112 1280 270 1319 exsistit.
340 1280 448 1319 Plato
486 1280 601 1326 enim,
639 1282 685 1319 ut
710 1291 826 1329 quam
855 1280 997 1329 optima
1023 1281 1147 1329 proles
1167 1282 1355 1326 nascatur,
1377 1280 1598 1319 fortissimos

113 1344 437 1393 validissimosque
474 1344 675 1382 custodum
716 1355 804 1382 cum
841 1344 1044 1382 mulierum
1080 1344 1415 1393 praestantissimis
1450 1345 1600 1383 misceri

112 1408 226 1453 iubet,
255 1408 455 1447 deteriores
482 1408 679 1457 utriusque
708 1419 816 1446 sexus
844 1408 1053 1450 retinentur
1079 1408 1202 1457 magis
1231 1419 1346 1457 quam
1378 1408 1428 1446 ad
1454 1419 1599 1458 procre-

113 1472 256 1511 andum
298 1472 573 1518 admittuntur;
607 1473 877 1522 Aristophanes
912 1484 1064 1522 prorsus
1099 1472 1286 1521 contraria
1324 1472 1468 1511 ratione
1505 1484 1597 1511 usus

112 1536 296 1575 deformes
312 1539 509 1586 aetateque
523 1536 767 1586 provectiores
782 1539 820 1575 et
832 1536 929 1575 viros
944 1538 983 1575 et
995 1536 1154 1575 feminas
1169 1548 1256 1575 cum
1270 1536 1440 1575 formosis
1459 1537 1600 1575 iuveni-

111 1601 257 1649 busque
291 1601 430 1649 iungit,
469 1600 508 1638 id
535 1601 775 1650 potissimum
804 1602 957 1639 secutus
985 1603 1030 1639 ut
1065 1612 1196 1639 omnes
1228 1601 1398 1639 libidinis
1429 1601 1598 1639 fructum

110 1664 249 1714 pariter
275 1664 492 1714 percipiant.

218 1740 273 1779 Ut
307 1740 423 1789 igitur
459 1751 589 1779 eorum
625 1751 721 1789 quae
760 1739 883 1778 adhuc
917 1740 1194 1789 disputavimus
1236 1751 1428 1778 summam
1467 1740 1597 1789 paucis

109 1804 635 1853 60111111611611ᾱ3111113,16111;3,
673 1806 731 1842 est
780 1803 977 1851 utriusque
1024 1803 1212 1852 scriptoris
1247 1803 1288 1841 in
1323 1803 1454 1841 eodem
1487 1815 1598 1851 argu-

109 1869 237 1906 mento
265 1867 461 1905 tractando
500 1867 694 1911 diversitas
728 1868 783 1912 ut,
820 1867 851 1904 si
883 1867 1171 1916 Aristophanem
1195 1867 1403 1916 philosophi
1433 1867 1596 1906 rationes

109 1931 260 1970 irridere
287 1933 325 1970 et
353 1931 462 1981 quasi
490 1931 694 1970 convellere
721 1930 762 1969 in
790 1931 917 1969 animo
944 1930 1121 1969 habuisse
1150 1930 1263 1977 dicas,
1293 1942 1381 1970 eum
1409 1931 1595 1981 proposito

110 2007 177 2034 suo
208 2007 287 2039 non
323 1995 548 2035 satisfecisse
585 1995 839 2034 confitendum
879 1995 939 2033 sit.
997 1994 1104 2043 Quod
1140 2006 1215 2033 non
1249 1995 1435 2034 refutatur
1466 1996 1596 2045 paucis

107 2060 181 2098 illis
218 2060 566 2098 Ecclesiazusarum
602 2060 692 2098 locis
706 2059 736 2109 ¹)
773 2059 910 2108 quibus
947 2059 1148 2097 nonnullae
1184 2059 1351 2097 Platonis
1388 2060 1595 2098 sententiae

107 2136 226 2173 paene
261 2124 310 2162 ad
343 2124 502 2163 verbum
538 2124 655 2173 repeti
692 2123 884 2162 videntur:
928 2123 1029 2161 hunc
1066 2124 1168 2162 enim
1210 2124 1257 2161 ab
1292 2128 1452 2172 utraque
1490 2125 1595 2173 parte

106 2199 333 2226 consensum
374 2199 418 2226 ex
455 2188 668 2236 argumenti
706 2187 951 2226 similitudine
999 2187 1091 2225 satis
1128 2187 1279 2226 facilem
1318 2187 1456 2226 habere
1484 2187 1596 2237 expli-

106 2253 291 2291 cationem
317 2253 432 2291 etiam
459 2253 494 2291 ei
521 2252 658 2300 quibus
678 2251 909 2290 contrarium
933 2263 977 2289 ac
1002 2252 1109 2289 nobis
1128 2252 1167 2288 111
1187 2252 1258 2289 hac
1277 2263 1392 2289 causa
1410 2251 1593 2289 iudicium

213 2402 237 2441 ¹)
260 2399 310 2433 Cf.
333 2399 493 2432 Suseinihl
527 2399 586 2431 Die
607 2398 789 2440 genetische
811 2398 1037 2440 Entwicklung
1060 2398 1115 2430 dci·
1149 2398 1364 2440 platonischen
1389 2397 1593 2438 Philosophie

104 2454 138 2486 II
160 2455 234 2487 297.
289 2454 492 2495 Respondent
528 2454 589 2485 sibi
627 2453 711 2489 Eccl,
744 2463 771 2485 v.
795 2454 858 2486 635
874 2453 906 2485 ff.
943 2454 975 2485 ct
1012 2452 1080 2485 Pol.
1104 2452 1133 2484 V
1158 2454 1219 2486 461
1238 2452 1337 2484 c—E
1368 2454 1401 2483 et
1424 2453 1488 2484 465
1505 2451 1531 2482 A
1549 2451 1591 2491 B;

103 2517 132 2539 v.
155 2508 217 2538 657
241 2510 273 2539 et
295 2507 324 2538 V
339 2508 403 2539 464
420 2508 464 2546 D-,
487 2517 515 2540 v.
540 2509 603 2540 672
619 2516 705 2546 sequ.
730 2509 763 2537 et
784 2507 836 2537 111
854 2507 919 2539 416
935 2507 973 2538 D.
