1786 2742
925 56 949 94 3

200 188 369 236 logorum
405 184 656 234 Lipsiensium
690 183 729 221 Π
765 195 799 233 p.
839 183 951 233 355)Ἴ
987 182 1115 232 scripti
1150 182 1292 228 essent,
1325 180 1565 231 posteriorem
1592 192 1676 219 vero

183 250 321 300 ‘operis
348 250 495 299 partem
522 248 676 287 demum
703 249 787 297 post
813 247 977 296 primum
1004 246 1209 296 philosophi
1243 247 1282 284 in
1318 245 1485 285 Siciliam
1519 246 1604 290 iter,
1639 245 1677 283 id

200 316 260 354 est
284 315 369 364 post
396 324 430 351 a.
459 312 549 358 387,
577 311 788 351 confectum
816 322 898 350 esse
926 310 1136 349 clarissima
1163 310 1315 361 tyranni
1341 310 1382 348 in
1409 312 1537 348 octavo
1565 320 1679 348 nono-

202 389 274 427 que
301 378 395 416 libro
424 376 531 426 (VIII
559 377 648 421 567,
677 375 731 413 IX
751 375 843 425 577)
874 375 1118 424 descriptione
1145 374 1314 413 efficitur.
1362 374 1435 413 Sed
1454 376 1678 423 argumenta

201 442 337 491 quibus
364 440 458 479 haec
485 438 670 478 sententia
698 439 831 477 nititur
857 449 992 488 parum
1018 439 1145 487 gravia
1164 440 1254 477 sunt
1281 449 1396 487 quam
1419 440 1463 476 ut
1490 439 1524 477 ei
1551 449 1678 476 assen-

199 506 261 544 tiri
287 504 484 554 possimus.
1319 518 1321 520 ·

306 578 357 616 Et
382 578 547 627 primum
584 577 736 625 quidem
770 576 868 625 quod
896 577 1117 625 gubernatio
1144 576 1306 614 civitatis
1334 576 1382 614 ad
1409 577 1584 614 mulieres
1613 576 1676 614 de-

199 642 336 687 fertur,
370 652 445 679 non
479 652 524 679 ea
559 651 599 678 re
634 640 801 678 Platonis
836 631 1028 691 ἀρχούσας
1061 639 1149 689 (VII
1185 640 1262 677 540
1291 638 1336 690 O)
1364 640 1564 689 perstringi
1590 639 1676 677 inde

200 706 385 755 colligitur
400 704 497 755 quod
512 704 713 743 dominatio
727 704 919 743 muliebris
933 704 1012 743 iam
1025 704 1065 743 in
1076 703 1285 754 Lysistrata
1299 703 1428 743 festive
1442 703 1674 749 describitur,

204 782 276 819 quo
305 769 456 818 quidem
483 770 648 818 tempore
678 768 778 818 (acta
797 769 897 807 enim
915 769 1124 818 Lysistrata
1152 770 1209 807 est
1226 780 1258 807 a.
1287 769 1381 818 411)
1410 769 1455 806 de
1474 768 1678 817 Republica

200 834 369 873 Platonis
397 832 564 882 nondum
591 834 735 883 poterat
762 832 925 882 cogitari.
980 832 1067 872 Huc
1095 832 1237 872 accedit
1263 832 1361 883 quod
1393 831 1500 871 Plato
1527 831 1675 871 feminis

200 910 275 936 non
301 898 375 936 nisi
400 898 471 936 hoc
497 898 681 946 permittit
698 899 743 935 ut
769 897 807 935 in
833 897 1059 946 reipublicae
1076 897 1259 946 gerendae
1279 897 1496 936 societatem
1514 897 1676 941 veniant,

201 958 479 1011 Aristophanes
495 960 583 999 solis
610 960 830 1000 mulieribus
848 960 1062 999 universam
1089 972 1217 1000 rerum
1244 960 1409 999 civilium
1436 960 1677 999 administra-

200 1026 340 1064 tionem
377 1025 503 1063 tradit.
567 1025 765 1064 Praeterea
800 1036 888 1063 cum
921 1025 1216 1074 reputaverimus
1258 1025 1357 1074 apud
1390 1025 1677 1074 Aristophanem

201 1088 429 1128 feminarum
463 1088 662 1138 imperium
698 1088 879 1137 originem
912 1090 1036 1138 petere
1074 1099 1118 1128 ex
1144 1088 1308 1127 virorum
1335 1088 1374 1127 in
1401 1088 1589 1138 republica
1616 1099 1679 1137 ge-

200 1153 318 1192 renda
345 1153 490 1199 inertia,
518 1153 782 1199 inconstantia,
816 1153 951 1203 proprii
978 1153 1162 1191 commodi
1200 1153 1333 1199 studio,
1361 1153 1590 1201 neglectione
1618 1164 1678 1191 sa-

200 1217 290 1255 lutis
318 1216 541 1261 communis,
575 1216 614 1254 in
640 1216 775 1254 Politia
810 1219 899 1254 cum
925 1216 1145 1255 mulieribus
1172 1227 1331 1264 regnum
1358 1212 1679 1255 communicatum

200 1292 282 1320 esse
308 1280 444 1319 idcirco
473 1280 561 1330 quia
589 1280 720 1320 eadem
747 1292 822 1330 qua
856 1280 926 1319 viri
953 1281 1092 1330 ingenii
1118 1280 1239 1320 indole
1265 1280 1455 1331 praeditae
1484 1281 1571 1327 sint,
1600 1291 1678 1320 cer-

201 1345 349 1382 tissima
376 1345 459 1382 luce
487 1346 650 1394 apparet,
685 1345 718 1381 si
745 1344 894 1382 omnino
922 1345 1237 1394 comparationem
1264 1345 1362 1383 inter
1388 1345 1676 1394 Rempublicam

200 1409 239 1446 et
264 1406 542 1447 Ecclesiazusas
569 1407 764 1447 instituere
791 1407 913 1454 liceat,
940 1418 1015 1446 non
1042 1419 1150 1458 posse
1175 1408 1249 1447 nisi
1267 1407 1508 1458 posteriorem
1534 1419 1678 1447 comoe-

201 1471 284 1510 diae
318 1473 466 1521 partem
503 1471 604 1521 (inde
642 1483 665 1510 a
699 1473 809 1510 versu
845 1472 937 1521 588)
957 1472 1014 1510 ἄη
1050 1472 1359 1521 disceptationem
1393 1473 1527 1511 venire.
1596 1472 1678 1510 Hoc

202 1536 331 1574 autem
358 1546 530 1575 concesso
557 1546 697 1585 magna
723 1536 826 1575 certa
852 1534 1052 1575 difficultas
1071 1536 1189 1574 oritur
1216 1547 1259 1575 ex
1287 1536 1500 1586 argumenti
1526 1535 1677 1575 fabulae

201 1599 347 1637 unitate
385 1611 430 1638 ac
457 1599 697 1648 simplicitate
725 1600 878 1638 turbata
905 1611 950 1637 ac
976 1611 1161 1648 perversa.
1231 1599 1328 1638 Cum
1363 1601 1464 1639 enim
1499 1600 1549 1638 sit
1584 1601 1678 1638 haec

161 1668 164 1670 ’
202 1662 390 1701 comoedia
417 1662 472 1700 ita
499 1663 713 1712 comparata
751 1664 796 1700 ut
821 1662 1019 1701 temeraria
1047 1663 1211 1701 virorum
1238 1663 1397 1701 novandi
1425 1662 1611 1712 cupiditas
1639 1663 1677 1700 in

202 1737 246 1764 ea
273 1726 381 1764 novis
408 1726 610 1765 mulierum
635 1726 935 1765 institutionibus
973 1727 1012 1765 in
1039 1727 1268 1766 immensum
1295 1729 1407 1766 aucta
1434 1727 1680 1776 amplificata-

202 1801 274 1839 que
302 1789 350 1828 ad
377 1789 577 1828 ridiculum
604 1789 823 1828 traducatur
866 1789 926 1838 (cf.
954 1789 1053 1828 Eccl.
1081 1801 1114 1828 v.
1144 1790 1233 1836 586,
1271 1791 1483 1840 408-25),
1525 1790 1678 1829 eaedem

201 1854 301 1903 leges
329 1854 378 1893 ad
404 1853 570 1893 Platonis
598 1853 806 1893 doctrinam
841 1854 1090 1893 cavillandam
1126 1856 1293 1912 spectare
1328 1854 1520 1900 dicuntur,
1562 1866 1678 1904 quam

202 1917 354 1966 quidem
380 1918 561 1956 materiae
589 1917 875 1966 ambiguitatem
902 1929 1037 1967 parum
1064 1929 1146 1956 esse
1173 1919 1414 1957 verisimilem
1440 1919 1501 1956 vix
1529 1919 1679 1957 dubita-

201 1980 307 2019 veris.
364 1980 437 2019 Sed
463 1981 536 2019 hac
562 1992 601 2019 re
629 1981 669 2018 in
696 1980 817 2020 medio
845 1981 976 2019 relicta
1002 1983 1047 2020 ut
1065 1981 1328 2030 aggrediamur
1346 1981 1545 2031 aliquando
1572 1982 1677 2020 illam

200 2043 363 2082 facetam
400 2044 532 2082 comici
563 2044 751 2082 fictionem
787 2055 874 2082 cum
908 2055 1036 2083 severa
1071 2045 1278 2094 philosophi
1316 2035 1570 2094 disputatione
1593 2056 1679 2083 con-

139 2144 142 2147 ,
200 2106 306 2153 ferre,
334 2108 403 2147 hoc
431 2119 520 2146 sane
547 2108 677 2156 negari
704 2119 777 2146 non
804 2109 937 2157 potest,
966 2108 998 2146 si
1024 2108 1197 2147 universa
1221 2109 1275 2147 rei
1293 2110 1428 2147 natura
1445 2108 1677 2158 respiciatur,

201 2182 276 2209 non
304 2171 478 2220 exiguam
505 2172 604 2210 inter
638 2182 701 2209 eas
737 2171 1021 2209 similitudinem
1056 2172 1223 2210 inveniri.
1287 2171 1392 2219 Quae
1427 2172 1513 2210 talis
1551 2174 1608 2210 est
1634 2174 1678 2210 ut

202 2236 407 2285 utrumque
435 2235 663 2285 scriptorem,
693 2235 725 2274 si
752 2234 909 2274 eandem
936 2246 1016 2274 rem
1043 2237 1244 2285 utrumque
1273 2247 1340 2274 suo
1367 2238 1549 2275 tractasse
1568 2236 1677 2275 modo

201 2299 402 2346 arbitreris,
430 2300 523 2338 nihil
549 2300 637 2338 huic
655 2299 817 2349 opinioni
841 2299 973 2346 obstet,
1003 2299 1034 2338 si
1060 2301 1188 2338 autem
1206 2300 1490 2350 Aristophanem
1511 2300 1677 2339 Platonis

199 2363 338 2411 placita
365 2363 500 2401 lusisse
528 2363 744 2408 contendas,
778 2363 838 2401 vix
866 2363 915 2401 sit
942 2363 1040 2412 quod
1067 2364 1191 2402 famae
1218 2364 1350 2402 comici
1377 2365 1501 2412 magis
1528 2364 1675 2402 officiat.

199 2424 333 2464 Prima
368 2426 469 2465 enim
510 2427 600 2469 artis
628 2426 793 2465 comicae
832 2426 891 2464 lex
932 2428 990 2464 est
1030 2428 1090 2472 ut,
1133 2427 1305 2476 quamvis
1334 2427 1468 2476 speciei
1502 2427 1678 2465 ridiculae

199 2499 314 2527 causa
341 2490 468 2528 omnia
496 2491 535 2529 in
562 2491 685 2529 maius
721 2489 1015 2539 amplificentur,
1050 2492 1179 2530 tamen
1213 2502 1260 2529 ne
1287 2491 1343 2530 vis
1371 2490 1512 2530 comica
1539 2492 1678 2539 pereat,

1429 2555 1448 2589 1
1463 2552 1483 2573 *
