1786 2742
865 85 916 120 32

152 209 222 246 hoc
266 212 415 247 tantum
457 210 570 247 habet
614 212 806 259 proprium
854 223 897 249 ac
938 213 1125 260 peculiare
1169 215 1211 250 ut
1253 213 1431 250 virtutem
1469 223 1555 250 cum
1597 214 1636 251 in

152 273 317 319 scientia,
347 274 570 312 iniustitiam
599 274 639 312 in
667 275 865 313 inscientia
892 277 1008 324 ponat
1037 286 1193 324 eamque
1221 275 1316 314 nihil
1344 276 1445 315 aliud
1473 276 1635 326 intelligi

151 338 223 374 nisi
252 338 465 385 opinionem
494 339 606 384 velit,
642 339 739 376 hanc
768 350 790 376 a
818 351 906 377 vera
933 340 1146 388 cognitione
1181 351 1332 387 prorsus
1366 341 1494 377 eodem
1522 342 1632 378 modo

150 401 341 450 disiungat
369 411 442 449 quo
470 403 611 451 postea,
640 403 704 441 sed
732 402 847 441 etiam
876 405 1002 452 aperte
1030 403 1152 449 docet,
1181 414 1268 441 cum
1297 402 1406 441 Plato
1436 404 1632 443 scientiam

150 467 185 503 et
215 466 451 504 inscientiam
489 468 587 505 inter
615 478 653 505 se
689 467 745 505 ita
780 470 943 516 opponat
985 470 1028 506 ut
1055 467 1152 505 hanc
1186 479 1253 516 pro
1282 468 1453 516 opinione
1488 468 1635 515 habeat,

149 540 224 567 non
261 540 354 578 opus
389 542 469 568 esse
505 530 617 568 huius
650 531 807 569 rationis
842 543 864 569 a
899 531 1050 570 Socrate
1086 531 1269 581 originem
1306 533 1482 581 repetere.
1539 531 1634 571 Cum

148 594 265 644 igitur
284 588 399 645 δόξης
417 594 495 633 iam
513 595 553 633 in
573 597 705 644 quarto
725 595 821 634 libro
837 595 968 634 eadem
983 596 1194 634 inveniatur
1213 597 1324 645 atque
1343 596 1382 634 in
1402 598 1504 635 sexto
1520 597 1633 644 notio,

149 659 188 696 in
217 659 485 707 posterioribus
520 660 680 697 invicem
717 660 824 698 libris
853 660 1065 709 opinionem
1100 660 1209 698 issam
1238 662 1379 698 rectam
1414 672 1488 698 non
1522 661 1633 709 plane

149 723 345 760 evanuisse
359 722 386 771 l)
416 724 489 760 duo
518 725 706 761 testantur
733 724 807 761 loci
837 724 907 772 (VI
932 725 1009 762 499
1030 723 1097 773 E):
1122 713 1170 760 Ὦ
1196 717 1376 771 μακάριε,
1406 714 1451 775 ἦν
1479 715 1514 761 δ’
1545 718 1634 774 ἐγὼ,

145 779 200 838 μὴ
237 779 342 823 πάνυ
381 778 480 824 οὕτω
517 784 596 824 τῶν
631 784 791 825 πολλῶν
831 781 1049 839 κατηγόρει·
1091 780 1336 837 ἀλλοίανῧ)
1372 801 1451 826 τοι
1489 781 1635 835 δόξαν

148 849 365 901 ἕξουσιν,
405 844 471 888 ἐὰν
506 842 640 896 αὐτοῖς
674 845 728 903 μὴ
771 849 985 903 φιλονικῶν
1026 843 1125 889 ἀλλὰ
1163 846 1523 902 παραμυθούμενος
1563 851 1631 890 καὶ

148 906 419 963 ἀπολυόμενος
454 908 523 966 τὴν
557 912 626 965 τῆς
663 912 917 967 φιλομαθίας
951 909 1138 967 διαβολὴν
1174 909 1368 966 ἐνδεικνύῃ
1411 906 1476 961 οὓς
1507 913 1634 966 λέγεις

147 972 237 1023 τοὺς
274 972 531 1030 φιλοσόφους,
570 979 628 1017 cui
665 980 746 1017 loco
789 979 973 1017 finitimus
1016 981 1073 1017 est
1107 980 1219 1018 alter:
1267 971 1290 1031 ἢ
1326 977 1393 1016 καὶ
1431 973 1498 1016 ἐὰν
1534 972 1633 1017 οὕτω

147 1040 333 1088 θεῶνται,
371 1034 579 1080 ἀλλοίαν
605 1055 656 1079 τε
684 1036 857 1094 φήσεις
884 1035 1062 1088 αὐτοὺς
1089 1037 1239 1089 δόξαν
1264 1037 1529 1094 λήψεσθαι
1563 1042 1631 1080 καὶ

146 1097 247 1144 ἄλλα
283 1098 620 1157 ἇποκρινεῖσθαι,·
663 1119 820 1157 quorum
862 1110 1019 1157 utroque
1062 1101 1179 1154 δόξαν
1221 1099 1344 1159 ὀρθὴν
1384 1108 1462 1146 sive
1502 1099 1633 1159 ἀληθῆ

147 1171 336 1221 designari
378 1172 568 1209 neminem
610 1172 781 1220 paullum
824 1173 1079 1210 attendentem
1121 1172 1253 1210 fallere
1295 1174 1427 1220 potest.
1499 1172 1632 1221 Neque

148 1235 273 1273 minus
301 1235 371 1274 hoc
399 1236 772 1274 animadvertendum
802 1237 875 1282 est,
910 1236 948 1274 in
978 1239 1081 1274 sexto
1117 1238 1154 1274 et
1182 1236 1341 1284 septimo
1370 1236 1465 1274 libro
1493 1236 1631 1274 identi-

147 1300 233 1337 dem
271 1300 445 1348 usurpari
481 1311 610 1338 vocem
646 1293 792 1349 δόγμα,
831 1311 925 1347 quae
963 1300 1010 1337 ad
1048 1310 1176 1337 veram
1214 1300 1426 1348 opinionem
1465 1300 1632 1348 proxime

147 1363 290 1401 accedit
319 1363 382 1411 (cf.
402 1362 457 1400 VI
477 1364 554 1401 503
571 1362 617 1400 A.
648 1364 726 1401 506
742 1363 785 1401 B.
807 1363 881 1401 VII
901 1363 978 1401 583
997 1362 1042 1401 C:
1073 1358 1158 1400 ἔστι
1186 1375 1267 1399 που
1285 1355 1376 1413 ἡμῖν
1404 1356 1634 1413 δόγματα

147 1424 191 1464 ἐκ
220 1423 380 1464 παίδων
408 1424 500 1477 περὶ
529 1422 695 1464 δικαίων
723 1425 791 1464 καὶ
826 1424 955 1464 καλῶν
991 1423 1032 1464 ἐν
1060 1419 1121 1472 οἷς
1157 1420 1468 1477 ἐκτεθράμμεθα
1496 1419 1632 1477 ὥσπερ

144 1484 226 1529 ὑπὸ
254 1489 416 1541 γονεῦσι,
455 1488 767 1542 πειθαρχοῦντές
799 1503 842 1529 τε
869 1488 938 1528 καὶ
965 1488 1154 1539 τιμῶντες
1181 1482 1308 1541 αὐτά).
1369 1492 1474 1530 Haec
1502 1491 1630 1530 autem

145 1549 325 1605 δόγματα
345 1558 381 1593 et
401 1567 423 1594 a
444 1555 597 1593 sublimi
625 1555 884 1603 philosophiae
913 1547 1048 1600 οὐσίας
1067 1556 1276 1604 cognitione
1294 1555 1492 1593 abhorrere
1512 1566 1631 1603 neque

144 1622 273 1658 tamen
299 1630 415 1658 vanas
444 1631 524 1658 esse
553 1619 787 1669 opinationes
816 1619 994 1657 ultimum
1023 1619 1236 1668 exemplum
1261 1630 1283 1657 a
1301 1619 1407 1657 nobis
1435 1619 1630 1658 laudatum

143 1685 386 1722 demonstrat.

254 1748 324 1785 His
371 1748 461 1785 locis
510 1747 691 1785 nonnulla
739 1747 813 1785 alia
859 1747 1074 1785 testimonia
1120 1747 1358 1795 adiungimus
1400 1747 1535 1795 quibus
1576 1744 1633 1797 τῷ

143 1809 358 1863 λογιστικῷ
386 1811 582 1850 Platonem
617 1811 664 1850 ab
692 1811 798 1850 initio
832 1812 1048 1850 universam
1075 1811 1213 1850 mentis
1242 1811 1504 1860 cogitationem
1532 1823 1633 1850 com-

142 1877 383 1926 prehendisse
402 1876 653 1914 confirmetur.
696 1877 750 1914 Ac
765 1876 929 1924 primum
945 1876 1097 1924 quidem
1113 1887 1185 1913 non
1202 1877 1367 1914 alienum
1387 1876 1532 1913 videtur
1546 1888 1627 1914 esse

143 1952 293 1979 monere
321 1940 586 1989 philosophum
614 1951 674 1978 res
703 1941 791 1978 ante
819 1939 1013 1977 incohatas
1032 1941 1184 1977 tantum
1203 1938 1394 1987 obiterque
1412 1939 1629 1988 perstrictas

145 2004 337 2043 occasione
372 2004 498 2042 oblata
534 2006 662 2053 postea
696 2015 969 2053 nonnunquam
1005 2003 1125 2042 denuo
1163 2003 1385 2042 tractavisse
1414 2005 1452 2042 et
1478 2004 1630 2042 uberius

148 2069 400 2118 explicavisse,
438 2079 596 2117 eamque
631 2079 710 2106 rem
739 2078 827 2106 cum
860 2068 982 2105 multa
1011 2069 1100 2105 sunt
1128 2078 1225 2116 quae
1253 2067 1512 2113 testificentur,
1548 2069 1631 2105 tum

142 2133 329 2183 imprimis
358 2133 644 2172 memorabilem
672 2132 845 2171 ducimus
875 2132 1167 2182 disputationem
1195 2143 1279 2171 eam
1307 2143 1402 2181 quae
1430 2132 1476 2171 de
1496 2132 1632 2183 cupida

143 2198 262 2234 animi
289 2199 396 2245 parte
424 2197 584 2234 habetur
611 2197 635 2233 l.
664 2196 757 2233 VIII
785 2207 864 2244 cap.
895 2196 943 2232 12
973 2197 1012 2233 et
1038 2196 1093 2232 IX
1120 2206 1199 2244 cap.
1231 2196 1265 2232 1.

252 2328 274 2362 ¹)
297 2325 387 2363 Quod
411 2324 573 2355 Krohnius
596 2324 787 2355 confidenter
810 2333 883 2354 sane
907 2324 1023 2354 statuit
1045 2323 1088 2362 (d.
1113 2323 1157 2362 pl.
1180 2322 1227 2354 St.
1257 2333 1287 2362 p.
1311 2324 1377 2361 98).

251 2376 276 2417 2)
299 2376 387 2408 Libri
423 2372 565 2407 ἀλλοίαν.
629 2376 831 2408 Hermannus
866 2371 934 2405 ἄλλ)
972 2375 1046 2406 οἵαν
1083 2375 1150 2406 sine
1192 2375 1378 2407 necessitate
1413 2374 1558 2406 recedens
1591 2374 1632 2406 ab

141 2430 333 2471 optimorum
367 2432 400 2461 et
429 2429 638 2470 plurimorum
670 2429 823 2461 librorum
855 2429 1023 2469 scriptura.
1086 2428 1168 2460 Nam
1204 2428 1288 2469 quod
1320 2427 1427 2460 eadem
1458 2428 1632 2459 sententiae

141 2484 317 2515 contrariae
340 2493 398 2514 vox
421 2483 560 2522 proxime
590 2479 737 2521 (ἀλλοίαν
758 2494 795 2512 τε
819 2481 934 2523 φήσεις
957 2478 1072 2514 αὖτοὺς
1105 2479 1208 2516 δόξαν
1243 2480 1426 2521 λήψεσθαι)
1463 2481 1633 2512 adhibetur

142 2537 222 2569 nihil
248 2537 342 2578 valet,
366 2546 436 2568 cum
461 2536 507 2567 sic
527 2546 650 2577 quoque
675 2537 737 2568 vim
762 2546 853 2568 suam
878 2538 990 2569 servet.
