1786 2742
879 36 929 74 37

169 166 246 203 iam
273 177 308 214 p.
338 165 389 202 80
418 164 721 202 enumeravimus
750 174 875 202 rerum
902 174 1038 212 genera
1074 174 1117 201 ac
1145 163 1254 212 quasi
1281 162 1431 211 gradus,
1460 174 1482 200 a
1510 163 1647 212 quibus

170 229 343 268 omnibus
372 228 540 267 humana
566 239 673 266 mens
702 220 837 279 (ψυχή)
866 227 1005 277 pariter
1029 226 1206 272 discedat,
1233 228 1277 265 ut
1304 227 1397 265 nulli
1425 238 1553 265 eorum
1582 227 1648 265 ad-

169 292 358 331 numerari
385 292 511 341 possit.
568 292 664 330 Hinc
692 303 776 330 vero
805 291 858 330 ait
891 303 972 330 esse
1006 303 1234 340 consequens
1277 293 1321 329 ut
1356 302 1475 340 neque
1511 291 1647 330 dialec-

168 357 242 396 tica
268 356 411 396 ratione
439 356 485 396 de
512 358 647 395 natura
674 355 792 394 animi
825 355 1008 406 disputari
1036 357 1149 405 queat
1176 366 1244 394 nec
1276 355 1511 406 philosophus
1544 358 1647 394 utro-

170 432 241 470 que
269 421 347 459 loco
377 420 445 470 (IV
473 421 551 458 435
581 420 614 458 D
642 422 681 459 et
708 420 761 458 VI
790 421 867 458 504
895 420 939 458 B.
969 419 1018 470 D)
1048 420 1149 458 illius
1178 420 1422 469 explicatioris
1450 420 1532 459 viae
1555 431 1643 459 ean-

168 485 255 523 dem
282 485 457 524 habuisse
485 484 783 523 informationem
812 484 1021 522 censendus
1050 484 1109 522 sit.
1172 483 1284 522 Illam
1325 484 1427 522 enim
1455 495 1646 522 summam

168 549 371 588 disserendi
399 550 530 594 artem,
569 560 657 587 cum
691 549 731 587 in
769 548 854 587 solis
888 559 1014 587 rerum
1041 547 1168 586 formis
1196 550 1373 593 versetur,
1401 548 1494 586 nihil
1522 549 1645 588 valere

167 613 215 650 ad
243 613 510 662 explorandum
539 613 710 651 animum
736 613 959 657 humanum,
995 612 1058 661 qui
1093 612 1301 650 secundum
1336 612 1531 651 Platonem
1563 613 1647 651 idea

166 688 239 715 non
259 676 319 715 sit.
352 676 485 726 Itaque
500 677 772 715 consectarium
786 677 877 715 dicit
896 676 1155 725 philosophum
1175 687 1262 714 cum
1282 676 1446 725 primum
1467 675 1535 725 (IV
1549 677 1642 727 435)

165 738 408 792 μακροτέραν
435 737 621 792 περίοδον
648 752 722 790 qua
750 740 865 779 animi
893 742 1028 779 natura
1057 741 1194 779 certius
1223 740 1438 789 exquiratur
1465 740 1644 789 attigerit,

166 805 334 843 nondum
362 816 573 854 expressam
607 806 688 843 eius
716 806 828 853 atque
864 805 965 843 omni
993 815 1147 843 numero
1176 805 1402 853 exploratam
1430 804 1643 853 imaginem,

165 869 294 918 utique
322 880 395 907 non
423 868 580 907 eandem
608 879 724 918 quam
751 870 880 918 postea
907 868 1153 918 descripserit,
1181 869 1307 907 mente
1334 868 1556 918 concepisse.

274 933 396 971 Huius
434 934 766 982 argumentationis
802 944 825 971 a
861 932 967 972 nobis
1004 932 1044 971 in
1071 933 1219 972 brevius
1257 934 1470 972 contractae
1497 934 1643 983 partem

166 997 317 1046 quidem
343 1009 417 1035 non
446 997 663 1035 dubitamus
692 997 904 1046 approbare.
967 997 1061 1035 Vere
1096 996 1195 1035 enirn
1222 997 1414 1035 Krohnius
1447 997 1492 1035 de
1520 997 1644 1035 animo

164 1062 328 1101 humano
353 1061 407 1100 ait
429 1061 572 1100 ratione
598 1061 792 1100 dialectica
814 1061 908 1099 nihil
931 1060 1022 1100 certi
1044 1060 1214 1110 cognosci
1236 1072 1354 1110 posse.
1404 1059 1643 1110 Quamquam

164 1137 232 1163 nos
255 1127 324 1163 hoc
345 1126 465 1163 multo
485 1126 561 1163 alia
579 1126 624 1163 de
645 1136 759 1163 causa
778 1125 1025 1163 concedimus.
1063 1125 1130 1163 Ille
1150 1126 1252 1163 enim
1272 1127 1538 1174 argumentum
1556 1126 1643 1164 inde

163 1189 268 1228 ducit
279 1190 306 1239 ¹)
336 1189 433 1238 quod
454 1189 572 1234 Plato,
600 1200 688 1227 cum
715 1189 754 1227 in
782 1189 874 1227 libro
903 1190 1035 1239 quarto
1063 1188 1264 1227 etiamtum
1290 1189 1461 1227 idearum
1488 1189 1642 1238 ignarus

163 1254 288 1298 fuerit,
322 1265 369 1291 ne
402 1253 604 1292 disserendi
643 1253 793 1302 quidem
820 1253 1003 1292 rationem
1029 1253 1133 1291 illam
1161 1264 1205 1291 ex
1232 1253 1403 1291 idearum
1431 1253 1641 1302 cognitione

165 1318 294 1366 aptam
331 1328 444 1365 quam
480 1317 519 1354 in
552 1317 815 1365 posterioribus
853 1318 1032 1365 sequatur
1066 1316 1168 1354 libris
1202 1317 1280 1354 iam
1316 1319 1443 1355 tenere
1470 1318 1642 1366 potuerit.

165 1381 241 1420 Nos
274 1383 402 1420 contra
434 1381 579 1431 propria
616 1380 732 1419 animi
770 1381 807 1419 vi
844 1382 882 1419 et
925 1381 1063 1419 natura
1099 1380 1266 1419 nitimur.
1329 1380 1479 1420 Etenim
1522 1373 1644 1420 ‘Plato

165 1446 335 1484 animum
361 1446 400 1483 in
428 1446 522 1483 (luas
550 1448 675 1495 partes
704 1446 844 1491 dividit,
873 1446 1031 1484 alteram
1049 1446 1202 1483 rationis
1222 1446 1453 1495 participem,
1482 1446 1643 1484 alteram

165 1512 368 1559 expertem;
394 1510 432 1547 in
459 1510 638 1559 participe
665 1509 818 1548 rationis
842 1510 946 1559 ponit
964 1509 1286 1558 tranquillitatem,
1314 1510 1352 1548 in
1381 1510 1499 1548 altera
1517 1512 1642 1549 motus

164 1573 331 1612 turbidos
360 1585 448 1612 cum
475 1574 551 1612 irae
580 1576 663 1612 tum
690 1566 919 1623 cupiditatis'
951 1572 1041 1622 (Cic.
1065 1573 1175 1612 Tusc.
1204 1573 1256 1611 IV
1280 1574 1356 1623 10).
1411 1574 1461 1612 Et
1487 1574 1644 1613 nobilior

163 1638 404 1687 principalem
446 1640 484 1676 et
518 1650 541 1676 a
578 1638 645 1677 deo
681 1639 848 1687 genitam
887 1640 924 1677 et
959 1640 1150 1676 aeternam
1187 1637 1365 1687 ideaeque
1409 1638 1643 1677 simillimam

164 1702 281 1740 animi
314 1703 493 1740 naturam
528 1702 710 1747 continet,
753 1702 815 1740 cui
848 1702 887 1740 in
928 1713 1060 1751 corpus
1096 1702 1298 1740 introeunti
1335 1702 1494 1741 adicitur
1528 1703 1644 1742 altera

164 1777 281 1815 eaque
316 1766 485 1812 deterior,
524 1777 619 1815 quae
656 1769 695 1805 et
729 1766 825 1805 iram
860 1768 898 1805 et
931 1766 1175 1816 cupiditatem
1215 1767 1474 1816 complectitur
1501 1768 1539 1806 et
1565 1779 1644 1806 una

164 1842 251 1868 cum
288 1842 435 1880 corpore
470 1830 609 1869 interit.
673 1830 806 1880 Itaque
844 1842 931 1869 cum
966 1842 1013 1868 ne
1046 1830 1188 1879 optima
1224 1830 1377 1880 quidem
1414 1831 1529 1869 animi
1556 1843 1642 1881 pars

168 1907 256 1933 cum
292 1894 376 1934 idea
410 1895 518 1944 plane
554 1896 744 1944 congruat,
780 1895 942 1944 reliquae
979 1896 1106 1933 autem
1134 1895 1181 1933 ab
1210 1906 1254 1934 ea
1281 1895 1427 1944 longius
1460 1895 1644 1942 recedant,

169 1960 335 2009 profecto
370 1961 539 2008 apparet,
579 1960 610 1998 si
646 1960 691 1998 de
726 1960 843 1998 animi
877 1960 1019 1998 ratione
1055 1961 1093 1999 et
1126 1959 1264 2009 origine
1301 1962 1519 2009 quaeratur,
1556 1972 1645 1999 cum

168 2023 267 2062 solae
301 2023 405 2062 ideae
441 2035 525 2062 vere
562 2025 600 2062 et
638 2023 715 2062 sint
752 2025 790 2063 et
826 2025 1105 2073 cognoscantur,
1142 2035 1215 2062 non
1250 2035 1356 2073 posse
1390 2024 1429 2062 in
1462 2024 1645 2063 eiusmodi

163 2087 410 2137 disputatione
443 2087 515 2125 nisi
550 2087 757 2137 opinionem
792 2099 837 2126 ac
871 2088 1184 2126 verisimilitatem
1212 2088 1344 2133 inesse,
1373 2088 1570 2127 scientiam
1598 2100 1643 2127 ac

162 2151 358 2190 veritatem
405 2151 553 2190 omnino
593 2151 736 2197 deesse;
781 2151 820 2190 id
862 2152 959 2201 quod
1002 2152 1177 2191 Timaeus
1219 2152 1257 2191 in
1299 2163 1466 2191 sermone
1514 2152 1642 2192 eodem

162 2215 311 2254 nomine
351 2215 527 2265 inscripto
572 2215 779 2254 luculenter
824 2217 862 2254 et
902 2216 1045 2265 copiose
1092 2216 1251 2266 explicat
1294 2215 1342 2265 (p.
1386 2217 1465 2266 29).
1538 2216 1642 2255 Haec

161 2279 276 2328 igitur
316 2291 431 2318 causa
473 2282 531 2319 est
572 2280 671 2329 quod
712 2280 750 2318 in
792 2280 860 2318 hoc
902 2280 1047 2329 dialogo
1089 2280 1152 2329 qui
1197 2280 1478 2319 reconditiorem
1524 2281 1641 2319 animi

271 2440 294 2481 ¹)
317 2439 366 2472 Cf.
390 2439 422 2473 d.
445 2439 488 2481 pl.
512 2439 558 2472 St.
583 2449 612 2480 p.
639 2440 714 2472 128:
754 2435 884 2471 ‘Jodoch
913 2438 963 2471 die
992 2438 1193 2472 dialoetische
1215 2439 1364 2472 Methode
1387 2450 1451 2473 war
1480 2450 1512 2472 es
1542 2440 1640 2476 nieht,

162 2492 257 2525 sehon
281 2492 379 2525 daher
402 2493 500 2534 nicht,
524 2493 594 2525 weil
617 2503 649 2525 es
672 2492 795 2525 damals
818 2493 897 2525 noch
919 2503 979 2534 gar
1002 2493 1091 2526 keine
1115 2493 1210 2526 Ideen
1233 2489 1317 2535 gab?
