1786 2742
761 44 856 96 “26

82 185 121 220 et
155 184 363 221 formarum
410 186 448 222 et
488 196 615 222 rerum
659 198 902 235 quaecunque
938 189 1028 224 sunt
1057 188 1283 226 *creatricem
1320 200 1364 225 ac
1397 188 1567 226 modera-

83 246 225 291 tricem,
263 250 389 286 mente
424 249 633 298 percipiunt
667 252 704 288 et
742 250 1071 300 comprehendunt.
1136 250 1278 289 Verum
1313 254 1442 290 tamen
1478 263 1566 290 cum

84 311 161 349 sola
189 311 260 350 hac
287 312 449 361 longiore
479 313 538 351 via
566 313 689 352 aditus
718 314 766 352 ad
794 316 913 353 animi
942 316 1051 364 quasi
1080 316 1282 364 penetralia
1310 316 1566 366 cognoscenda

81 377 207 423 patere
236 376 393 421 dicatur,
422 377 503 415 fieri
531 389 606 415 non
634 380 757 426 potest
785 380 875 427 quin
896 379 1091 417 Platonem
1119 380 1158 417 in
1183 380 1254 418 hac
1272 391 1311 418 re
1332 381 1384 418 sic
1404 380 1565 419 sensisse

81 450 265 488 ponamus
294 442 338 478 ut
366 452 410 479 ex
438 441 522 479 boni
551 441 634 480 idea
662 442 823 481 hominis
852 443 1023 481 animum
1051 445 1211 493 perspici
1238 446 1351 493 atque
1379 444 1564 483 enucleari

81 503 253 547 voluerit;
292 504 330 541 id
366 505 465 552 quod
494 504 834 543 Schleiermachero
870 507 1010 554 (Platos
1040 507 1175 545 Werke
1203 508 1261 544 111
1292 509 1310 544 1
1341 519 1376 556 p.
1408 509 1469 552 70,
1500 508 1565 556 71)

80 566 158 604 iam
195 566 339 605 dudum
368 568 493 607 visum
521 570 589 614 est,
626 569 689 618 qui
717 569 817 608 idem
853 570 892 608 id
926 570 1121 609 consilium
1149 582 1221 609 non
1249 571 1289 609 in
1318 571 1461 617 Politia,
1499 571 1565 610 sed

79 631 118 667 in
154 642 196 668 eo
232 631 376 680 dialogo
413 633 477 681 qui
504 633 680 671 Timaeus
709 634 926 672 inscribitur
961 635 1009 672 ab
1037 636 1139 673 omni
1174 637 1280 685 parte
1312 636 1437 685 perfici
1464 638 1563 674 recte

80 694 354 733 animadvertit.

188 769 291 817 Quae
329 771 517 809 sententia
559 784 632 809 non
675 772 804 810 leviter
845 773 1003 811 stabiliri
1039 773 1154 811 etiam
1193 785 1234 812 eo
1275 773 1384 812 modo
1420 774 1566 812 videtur

79 846 151 883 quo
181 834 422 884 philosophus
450 833 695 887 μακροτέρας
723 830 914 886 περιόδου
952 838 1039 875 ante
1068 839 1297 876 memoratae
1327 838 1395 886 (IV
1415 838 1491 876 435
1512 837 1562 888 D)

78 898 214 936 iterum
259 900 488 938 mentionem
534 900 640 938 inicit
686 901 737 938 VI
768 901 846 938 504
874 901 924 946 D;
968 901 1066 950 quod
1112 901 1262 950 quidem
1298 902 1406 940 illum
1441 902 1564 950 magis

78 962 200 1001 facere
238 963 345 1012 quasi
383 964 420 1001 in
456 964 618 1002 transitu
653 965 892 1014 perspicuum
928 967 985 1004 est
1024 977 1139 1014 quam
1176 967 1220 1004 ut
1246 977 1326 1004 rem
1355 967 1442 1004 ante
1471 966 1565 1004 desi-

79 1027 251 1065 deratam
281 1030 317 1066 et
347 1028 620 1077 quodammodo
649 1030 872 1078 promissam
895 1031 979 1067 tum
1007 1041 1135 1068 revera
1163 1032 1353 1079 praestare
1381 1030 1561 1068 videatur.

79 1091 223 1140 Quippe
252 1092 320 1129 hoc
348 1092 427 1130 loco
456 1104 529 1130 non
558 1093 637 1130 eius
667 1094 902 1141 expositionis
931 1094 1082 1131 initium
1111 1093 1154 1131 fit
1182 1105 1255 1142 qua
1284 1093 1400 1131 animi
1428 1095 1564 1131 natura

78 1155 291 1193 accuratius
320 1155 368 1193 ad
396 1156 648 1205 philosophiae
678 1157 927 1195 subtilitatem
956 1157 1125 1205 exigatur
1152 1157 1265 1206 atque
1293 1168 1337 1195 ex
1361 1156 1564 1206 sapientiae

78 1220 330 1257 reconditioris
364 1221 616 1268 penetralibus
652 1222 857 1270 repetatur,
897 1221 962 1259 sed
1000 1221 1202 1269 disputatio
1240 1221 1286 1259 de
1321 1218 1565 1271 μακροτέρας

80 1277 268 1334 περιόδου
294 1283 405 1322 modo
434 1295 479 1322 ac
511 1284 654 1323 ratione
683 1295 706 1323 a
735 1283 885 1323 Socrate
925 1284 1052 1323 habita
1080 1286 1125 1323 ut
1152 1296 1175 1323 a
1203 1284 1281 1323 sola
1309 1284 1488 1323 iuvenum
1516 1285 1564 1323 ad

77 1348 304 1396 reipublicae
341 1348 708 1387 administrationem
747 1348 966 1387 educatione
1003 1360 1047 1386 ac
1091 1348 1286 1397 disciplina
1322 1349 1475 1394 orditur,
1512 1349 1565 1386 sic

78 1413 157 1449 tota
186 1411 316 1450 eodem
349 1412 541 1451 referenda
570 1415 638 1451 est.
702 1412 832 1461 Neque
861 1424 944 1451 vero
978 1412 1086 1450 aliter
1114 1414 1158 1451 ut
1185 1413 1401 1451 statuamus
1430 1424 1471 1451 eo
1500 1413 1565 1451 ad-

77 1476 251 1513 ducimur
286 1476 385 1524 quod
418 1477 456 1514 in
493 1477 555 1514 illo
593 1488 761 1515 sermone
796 1477 911 1515 etiam
947 1477 1084 1515 mentis
1122 1488 1165 1515 ac
1202 1476 1358 1514 rationis
1387 1478 1565 1525 quattuor

76 1539 211 1577 diversi
260 1540 368 1588 quasi
416 1540 557 1588 gradus
605 1540 870 1578 discernuntur
919 1540 957 1589 (l.
994 1540 1047 1578 VI
1087 1541 1151 1577 fin.
1199 1534 1347 1591 νόησις,
1395 1534 1562 1587 διάνοια,

77 1600 228 1649 πίστις,
258 1600 444 1654 εἰκασία),
473 1615 565 1653 quos
595 1604 643 1642 ad
672 1604 842 1642 animum
870 1604 1081 1642 humanum
1110 1604 1291 1653 pertinere
1310 1615 1385 1641 non
1405 1603 1564 1642 dubium

76 1669 144 1706 est.
210 1667 293 1715 Qua
327 1680 367 1706 re
404 1680 637 1717 quamquam
674 1668 886 1707 Prantelius
904 1669 932 1718 ¹)
969 1668 1117 1707 videtur
1151 1669 1361 1707 commotus
1400 1679 1481 1707 esse
1521 1669 1565 1707 ut

78 1732 274 1769 Platonem
311 1732 349 1769 in
386 1732 467 1780 ipsa
495 1733 701 1781 Republica
736 1733 917 1781 promisso
955 1733 1102 1770 stetisse
1132 1744 1200 1770 suo
1228 1734 1406 1777 censeret,
1435 1734 1563 1770 tamen

76 1796 292 1845 diligentius
321 1796 579 1835 attendentem
607 1798 645 1835 et
664 1808 760 1846 quae
780 1796 833 1835 IV
852 1797 929 1835 435
951 1796 984 1834 D
1006 1796 1147 1846 scripta
1169 1797 1258 1835 sunt
1286 1796 1564 1835 examinantem

76 1860 300 1908 neutiquam
328 1860 528 1909 praeterire
564 1863 686 1909 potest
718 1873 793 1898 non
822 1861 859 1898 id
887 1861 938 1898 ibi
974 1872 1056 1898 esse
1084 1861 1313 1909 propositum
1340 1862 1385 1897 ut
1412 1860 1458 1898 de
1486 1872 1563 1898 una

76 1925 204 1975 aliqua
241 1926 278 1964 et-
306 1936 328 1963 a
365 1926 498 1964 ceteris
536 1925 705 1964 seiuncta
741 1925 858 1964 animi
893 1926 998 1975 parte
1039 1925 1215 1964 subtilius
1243 1925 1455 1974 quaeratur,
1497 1924 1560 1964 sed

75 1992 120 2027 ut
155 1990 277 2027 omnis
316 1990 434 2027 animi
470 2002 621 2028 summa
657 1992 771 2038 atque
807 1990 972 2027 ambitus
1002 2001 1045 2027 ex
1071 1990 1193 2027 tribus
1234 1989 1385 2034 viribus,
1421 1989 1564 2027 ratione

75 2053 130 2091 ira
166 2052 386 2102 cupiditate,
430 2054 607 2092 constans
645 2053 692 2091 ad
731 2053 924 2092 certiorem
965 2053 1150 2091 rationem
1188 2052 1411 2101 anquiratur
1448 2053 1562 2102 atque

188 2192 211 2230 ¹)
235 2189 348 2221 Prantl
372 2182 596 2229 I'lbersetzung
620 2189 768 2221 Amnerk.
795 2191 872 2223 160:
915 2185 986 2221 ‘Die
1008 2188 1179 2230 eigeutlich
1203 2188 1319 2221 hohere
1343 2188 1564 2230 Retrachtung

78 2244 135 2275 der
158 2243 266 2275 Theile
289 2243 344 2275 der
367 2243 454 2276 Seele
477 2243 541 2275 und
564 2243 649 2274 ihrer
674 2243 885 2283 Functionen,
910 2242 1026 2274 welche
1048 2242 1103 2274 der
1126 2241 1441 2274 Erkenntnistheorie
1463 2251 1564 2283 ange-

76 2298 160 2338 hort‚
183 2296 339 2329 erfordert
372 2297 440 2328 eine
472 2297 600 2338 langore
635 2296 698 2327 und
734 2296 843 2328 tiefere
865 2296 1079 2336 Eriirterung,
1113 2295 1161 2327 als
1191 2296 1237 2327 sie
1269 2294 1340 2327 hier
1370 2294 1441 2326 ihre
1465 2294 1563 2327 Stelle

77 2351 182 2383 finden
206 2351 300 2390 kann,
318 2377 325 2383 .
350 2376 356 2382 .
381 2376 388 2382 .
406 2350 470 2382 und
493 2350 598 2382 iudom
622 2350 721 2382 daher
755 2350 824 2381 hier
846 2360 906 2381 nur
928 2349 958 2380 in
984 2349 1088 2381 Kiirze
1109 2348 1160 2380 die
1181 2348 1324 2381 Umn'sse
1343 2348 1433 2389 jener
1455 2347 1564 2380 Theile

77 2404 134 2435 der
159 2404 245 2435 Seele
260 2403 432 2435 entworfen
457 2403 592 2443 werden,
616 2403 730 2435 welche
748 2403 838 2434 mehr
861 2402 915 2434 der
932 2401 1044 2434 Praxis
1059 2401 1116 2433 des
1133 2401 1256 2433 Lebens
1278 2401 1343 2433 und
1366 2400 1421 2432 des
1437 2400 1564 2433 Staates

77 2458 269 2499 angehoren,
291 2456 391 2489 bleibt
413 2456 464 2488 die
486 2457 686 2498 Erorterung
717 2455 772 2488 des
795 2455 1013 2496 Intelligiblen
1043 2455 1101 2487 auf
1126 2455 1215 2486 einen
1244 2456 1372 2495 spatern
1396 2453 1569 2486 Abschnitt

75 2511 298 2550 vorbehalten3
321 2520 354 2542 es
378 2510 460 2550 folgt
483 2510 623 2542 namlich
648 2503 783 2541 diohelbe
806 2511 903 2540 unten
927 2509 953 2540 B
970 2508 1015 2540 VI
1038 2518 1104 2548 cap.
1130 2509 1170 2540 16
1185 2503 1229 2540 ff.’
