1786 2742
828 29 880 65 24

111 156 272 195 civitatis
290 156 454 205 imagine
471 156 663 195 contendit
680 156 861 206 originem
880 159 1055 208 repetere.
1071 158 1097 208 ¹)
1132 157 1233 197 Nam
1252 158 1349 208 quod
1369 159 1431 198 ille
1446 154 1588 208 θυμός,

110 222 217 260 cuius
244 222 314 260 hoc
341 233 482 259 munus
510 223 569 260 est
600 223 645 259 ut
678 221 897 260 effrenatam
931 222 1180 272 cupiditatum
1207 223 1398 261 licentiam
1425 224 1592 273 increpet

111 288 225 335 atque
254 287 466 335 compescat
485 287 523 324 et
541 285 876 335 prudentissimam
896 286 1257 336 saluberrimamque
1286 287 1440 326 rationis
1460 299 1593 326 curam

110 351 260 388 adiuvet
307 352 419 399 atque
466 350 675 396 confirmet,
723 361 859 400 parum
908 351 941 389 ei
983 351 1032 389 ad
1077 362 1203 390 veram
1252 352 1370 390 animi
1416 354 1594 391 naturam

111 415 303 454 convenire
338 414 497 460 videtur,
533 414 628 463 quis,
665 425 816 463 quaeso,
852 415 922 453 hoc
951 415 1129 453 concedat
1149 450 1160 455 -
1174 415 1234 454 cui
1263 427 1307 454 ea
1335 427 1451 465 quam
1479 417 1596 455 nostri

109 480 280 518 homines
315 480 512 517 honestam
545 479 642 517 iram
676 481 810 517 vocant
846 479 962 528 (edler
990 479 1100 530 Zorn)
1140 481 1287 528 cognita
1323 492 1366 519 ac
1399 483 1592 530 perspecta

110 544 186 582 sit?
241 543 390 581 Etenim
419 554 491 591 quo
521 542 690 581 adiutore
718 543 790 580 alio
819 554 863 581 ac
890 543 1061 581 ministro
1090 544 1197 581 nobis
1225 544 1424 583 libidinum
1452 547 1593 583 cetera-

109 619 270 657 rumque
312 606 431 645 animi
466 607 793 656 perturbationum
828 607 884 645 vis
927 609 1039 656 atque
1075 607 1237 657 impetus
1271 608 1474 657 frangitur,
1518 609 1592 647 nisi

109 673 301 711 voluntate
331 672 377 710 ab
406 683 536 709 earum
564 671 840 721 contemptione
878 674 991 721 atque
1018 672 1098 710 odio
1126 672 1315 722 profecta?
1369 673 1469 711 Nam
1496 674 1591 712 ratio

109 732 251 787 utique,
287 737 358 775 etsi
395 738 504 775 acute
539 736 713 785 cogitare,
749 739 876 775 tamen
914 736 1058 775 efficere
1086 737 1179 775 nihil
1207 739 1339 787 potest.
1395 739 1449 777 Ac
1477 750 1524 777 ne
1552 738 1590 777 id

110 802 263 851 quidem
296 802 486 839 Krohnius
528 803 627 839 recte
670 802 890 839 contradicit
928 802 1123 839 Platonem
1161 796 1229 838 τὸν
1270 796 1401 849 θυμόν
1441 803 1590 840 0111111110

108 876 307 914 nunquam
344 865 465 903 facere
504 864 726 903 servientem
763 864 1032 914 cupiditatibus
1069 865 1278 914 rationique
1317 866 1589 912 adversantem,

109 942 197 968 cum
216 929 270 967 IV
289 929 367 967 440
389 928 417 967 O
449 919 531 977 (οὐχ
560 920 641 978 ὅσῳ
668 919 716 965 ὒν
743 922 1004 979 γενναιότερος
1030 919 1068 980 ᾗ)
1102 940 1173 967 non
1194 929 1381 978 designari
1400 930 1591 968 hominem

109 994 180 1031 nisi
222 993 270 1030 ad
304 993 541 1030 honestatem
576 992 766 1030 excultum
802 1003 972 1041 expresse
1008 992 1204 1031 indicetur.
1275 992 1379 1040 Quae
1414 1004 1500 1031 cum
1538 993 1592 1032 ita

109 1058 196 1102 sint,
233 1057 339 1095 nobis
369 1056 521 1105 quidem
549 1067 775 1105 persuasum
804 1058 861 1095 est
888 1056 997 1094 illum
1026 1050 1156 1105 θυμόν
1191 1068 1267 1095 11οη
1296 1068 1376 1095 esse
1405 1069 1593 1096 commen-

108 1122 237 1159 ticiam
276 1122 314 1158 et
350 1120 585 1165 translatam,
623 1120 687 1158 sed
723 1131 851 1157 veram
888 1120 1174 1169 naturalemque
1209 1120 1325 1158 animi
1361 1120 1591 1159 facultatem.

109 1185 262 1234 Itaque,
304 1186 349 1222 ut
389 1196 518 1222 eorum
559 1195 656 1233 quae
696 1184 806 1222 modo
848 1184 1122 1233 disputavimus
1166 1196 1356 1223 summam
1398 1185 1591 1231 faciamus,

109 1249 256 1286 videtur
292 1249 370 1285 iam
406 1259 471 1296 pro
508 1250 608 1285 certo
644 1258 725 1285 esse
753 1248 984 1296 exploratum
1013 1259 1057 1285 ex
1084 1248 1242 1285 Krohnii
1270 1248 1421 1296 quidem
1448 1249 1592 1286 ratione

110 1312 159 1350 ad
178 1305 297 1364 φύσιν
315 1311 442 1349 omnia
469 1310 662 1349 referentis
690 1322 759 1349 nec
786 1311 1011 1361 reipublicae
1039 1310 1222 1361 perfectae
1247 1323 1291 1350 ac
1310 1313 1593 1351 consummatae

110 1377 391 1425 discriptionem
418 1387 487 1413 1166
514 1376 634 1413 animi
661 1375 822 1413 formam
851 1376 1032 1424 tripertito
1061 1376 1169 1413 divisi
1196 1376 1314 1413 ullam
1342 1377 1591 1424 cognitionem

108 1440 256 1479 habere.
321 1439 429 1487 Quod
466 1439 497 1477 si
532 1450 663 1478 verum
698 1441 766 1484 est,
804 1439 990 1478 sententia
1025 1450 1047 1477 a
1085 1439 1191 1478 nobis
1224 1439 1263 1477 in
1299 1439 1445 1478 exordio
1482 1440 1594 1479 huius

108 1504 433 1543 commentationis
465 1502 513 1552 (p.
544 1504 610 1553 34)
641 1505 868 1552 exprompta,
897 1515 984 1541 cum
1012 1504 1175 1541 civitatis
1203 1504 1365 1552 optimae
1392 1515 1415 1542 a
1434 1504 1594 1542 secundo

108 1568 200 1607 libro
239 1567 286 1606 ad
328 1567 504 1617 quintum
552 1566 719 1616 depictae
764 1567 984 1616 imaginem,
1027 1567 1330 1617 quandoquidem
1369 1579 1412 1606 ea
1448 1568 1594 1606 duobus

108 1633 198 1671 locis
227 1633 379 1670 fabulae
409 1632 542 1669 similis
570 1631 735 1669 narratio
764 1631 959 1677 diceretur,
993 1643 1218 1680 negaremus
1247 1643 1291 1670 ex
1320 1643 1359 1670 se
1386 1632 1467 1681 ipsa
1494 1634 1594 1671 recte

108 1696 276 1745 intellegi
312 1695 580 1744 diiudicarique
607 1706 725 1745 posse,
761 1695 876 1734 etiam
904 1696 1027 1745 magis
1057 1696 1246 1734 stabilitur
1273 1697 1311 1735 et
1339 1696 1594 1735 confirmatur.

108 1762 205 1799 Rem
243 1772 451 1809 sanequam
491 1760 725 1810 implicatam
765 1771 808 1799 ac
845 1760 1036 1798 difficilem
1073 1762 1117 1799 ut
1155 1760 1356 1809 aliquando
1392 1761 1594 1799 enodemus

109 1827 223 1875 atque
261 1824 310 1863 ad
346 1825 489 1863 exitum
529 1824 795 1874 perducamus,
840 1824 946 1862 locus
983 1824 1046 1863 ille
1083 1824 1137 1862 IV
1165 1825 1242 1862 435
1272 1824 1307 1862 D
1343 1826 1429 1863 ante
1464 1825 1596 1864 leviter

109 1889 328 1940 perstrictus
356 1889 434 1927 iam
462 1888 677 1938 diligentius
704 1888 853 1927 videtur
880 1888 1152 1927 examinandus
1181 1900 1273 1928 esse.

217 1954 349 2003 Itaque
378 1954 484 1992 Plato
519 1965 607 1991 cum
642 1954 681 1991 in
720 1965 761 1992 eo
797 1954 847 1991 sit
882 1955 925 1991 ut
953 1953 1070 1991 animi
1105 1956 1230 2003 partes
1265 1953 1312 1991 ad
1341 1953 1501 1992 civitatis
1531 1954 1597 1992 ab·

110 2019 254 2056 solutae
282 2018 444 2055 formam
472 2017 735 2062 discribantur,
768 2018 916 2066 praeter
944 2017 1129 2054 sodalium
1157 2017 1367 2066 opinionem
1395 2018 1594 2066 improviso

109 2082 285 2120 insistens
324 2093 401 2119 non
437 2092 545 2131 posse
581 2081 634 2120 ait
668 2092 712 2119 ea
740 2080 892 2130 quidem
929 2092 1044 2130 quam
1078 2082 1190 2120 antea
1217 2081 1403 2131 persecuti
1434 2081 1509 2120 sint
1537 2081 1595 2120 via

109 2148 288 2183 naturam
316 2148 429 2194 atque
456 2145 621 2183 indolem
648 2145 788 2183 mentis
816 2146 1005 2183 humanae
1033 2146 1087 2183 ita
1114 2145 1282 2194 patefieri
1309 2147 1422 2194 atque
1453 2146 1595 2194 exquiri

109 2212 153 2249 ut
194 2209 345 2249 homine
386 2209 604 2260 philosopho
646 2209 803 2259 dignum
840 2209 905 2255 sit,
959 2209 1024 2248 sed
1065 2220 1158 2259 opus
1200 2221 1282 2248 esse
1324 2210 1363 2247 in
1396 2221 1483 2248 eam
1514 2221 1594 2248 rem

111 2274 288 2323 ampliore
336 2274 503 2322 quadam
550 2275 663 2322 atque
711 2273 947 2322 explicatiore
994 2274 1137 2311 ratione
1186 2273 1412 2322 disputandi.
1492 2273 1595 2320 Quae

220 2380 246 2421 ¹)
268 2380 307 2412 D.
331 2380 373 2421 pl.
397 2380 443 2412 St.
467 2390 496 2421 p.
521 2380 580 2412 52:
618 2375 693 2411 ‘Der
716 2377 822 2420 θυμός
844 2379 888 2411 ist
910 2379 982 2411 kein
1016 2378 1219 2420 psychischer
1242 2378 1494 2419 Normalfactor,
1523 2389 1595 2411 son-

109 2434 186 2465 dern
214 2434 282 2465 eino
313 2433 574 2474 psychologische
605 2433 750 2472 Fiction,
778 2432 828 2464 die
858 2432 1025 2463 wiederum
1060 2432 1118 2463 auf
1145 2432 1229 2463 einer
1260 2432 1447 2472 politischen
1470 2432 1594 2463 Fiction

110 2482 245 2519 beruht'.
