<?xml version="1.0" encoding="UTF-8"?>
<!DOCTYPE html PUBLIC "-//W3C//DTD XHTML 1.0 Transitional//EN"
    "http://www.w3.org/TR/xhtml1/DTD/xhtml1-transitional.dtd">
<html xmlns="http://www.w3.org/1999/xhtml" xml:lang="en" lang="en">
 <head>
  <title>
</title>
<meta http-equiv="Content-Type" content="text/html;charset=utf-8" />
  <meta name='ocr-system' content='tesseract 3.04.00' />
  <meta name='ocr-capabilities' content='ocr_page ocr_carea ocr_par ocr_line ocrx_word'/>
</head>
<body>
  <div class='ocr_page' id='page_1' title='image "4738095_0045.png"; bbox 0 0 1786 2742; ppageno 0'>
   <div class='ocr_carea' id='block_1_1' title="bbox 854 61 904 98">
    <p class='ocr_par' dir='ltr' id='par_1_1' title="bbox 854 61 904 98">
     <span class='ocr_line' id='line_1_1' title="bbox 854 61 904 98; baseline 0.02 -1"><span class='ocrx_word' id='word_1_1' title='bbox 854 61 904 98; x_wconf 81' lang='lat'>29</span> 
     </span>
    </p>
   </div>
   <div class='ocr_carea' id='block_1_2' title="bbox 136 187 1617 942">
    <p class='ocr_par' dir='ltr' id='par_1_2' title="bbox 136 187 1617 942">
     <span class='ocr_line' id='line_1_2' title="bbox 137 187 1617 237; baseline 0 -13"><span class='ocrx_word' id='word_1_2' title='bbox 137 187 236 225; x_wconf 91' lang='lat' dir='ltr'>Hinc</span> <span class='ocrx_word' id='word_1_3' title='bbox 264 200 347 226; x_wconf 88' lang='lat' dir='ltr'>vero</span> <span class='ocrx_word' id='word_1_4' title='bbox 376 188 430 225; x_wconf 87' lang='lat' dir='ltr'>ait</span> <span class='ocrx_word' id='word_1_5' title='bbox 457 200 538 226; x_wconf 88' lang='lat' dir='ltr'>esse</span> <span class='ocrx_word' id='word_1_6' title='bbox 567 199 794 236; x_wconf 86' lang='lat' dir='ltr'>consequens</span> <span class='ocrx_word' id='word_1_7' title='bbox 823 190 867 226; x_wconf 89' lang='lat' dir='ltr'>ut</span> <span class='ocrx_word' id='word_1_8' title='bbox 893 188 1001 226; x_wconf 88' lang='lat' dir='ltr'>Plato</span> <span class='ocrx_word' id='word_1_9' title='bbox 1030 200 1101 237; x_wconf 89' lang='lat' dir='ltr'>quo</span> <span class='ocrx_word' id='word_1_10' title='bbox 1130 189 1208 226; x_wconf 91' lang='lat' dir='ltr'>loco</span> <span class='ocrx_word' id='word_1_11' title='bbox 1236 188 1400 237; x_wconf 89' lang='lat' dir='ltr'>primum</span> <span class='ocrx_word' id='word_1_12' title='bbox 1428 188 1473 225; x_wconf 91' lang='lat' dir='ltr'>de</span> <span class='ocrx_word' id='word_1_13' title='bbox 1501 188 1617 235; x_wconf 87' lang='lat' dir='ltr'>longi-</span> 
     </span>
     <span class='ocr_line' id='line_1_3' title="bbox 138 250 1615 300; baseline -0.001 -12"><span class='ocrx_word' id='word_1_14' title='bbox 138 261 199 288; x_wconf 85' lang='lat' dir='ltr'>ore</span> <span class='ocrx_word' id='word_1_15' title='bbox 236 250 452 300; x_wconf 89' lang='lat' dir='ltr'>disputandi</span> <span class='ocrx_word' id='word_1_16' title='bbox 487 252 547 288; x_wconf 90' lang='lat' dir='ltr'>via</span> <span class='ocrx_word' id='word_1_17' title='bbox 582 252 844 289; x_wconf 74' lang='lat' dir='ltr'>memoraverit</span> <span class='ocrx_word' id='word_1_18' title='bbox 884 253 1050 289; x_wconf 90' lang='lat' dir='ltr'>nondum</span> <span class='ocrx_word' id='word_1_19' title='bbox 1090 253 1241 300; x_wconf 86' lang='lat' dir='ltr'>planam</span> <span class='ocrx_word' id='word_1_20' title='bbox 1280 253 1494 298; x_wconf 73' lang='lat' dir='ltr'>certamque</span> <span class='ocrx_word' id='word_1_21' title='bbox 1537 252 1615 288; x_wconf 91' lang='lat' dir='ltr'>eius</span> 
     </span>
     <span class='ocr_line' id='line_1_4' title="bbox 136 314 1615 365; baseline 0 -13"><span class='ocrx_word' id='word_1_22' title='bbox 136 314 438 354; x_wconf 74' lang='lat' dir='ltr'>informationem</span> <span class='ocrx_word' id='word_1_23' title='bbox 467 316 591 354; x_wconf 89' lang='lat' dir='ltr'>animo</span> <span class='ocrx_word' id='word_1_24' title='bbox 619 316 828 365; x_wconf 80' lang='lat' dir='ltr'>concepisse</span> <span class='ocrx_word' id='word_1_25' title='bbox 861 316 1129 354; x_wconf 83' lang='lat' dir='ltr'>existimandus</span> <span class='ocrx_word' id='word_1_26' title='bbox 1158 316 1217 354; x_wconf 85' lang='lat' dir='ltr'>sit.</span> <span class='ocrx_word' id='word_1_27' title='bbox 1275 314 1343 354; x_wconf 81' lang='lat' dir='ltr'>Cui</span> <span class='ocrx_word' id='word_1_28' title='bbox 1371 315 1531 365; x_wconf 91' lang='lat' dir='ltr'>opinioni</span> <span class='ocrx_word' id='word_1_29' title='bbox 1559 315 1615 353; x_wconf 89' lang='lat' dir='ltr'>vel</span> 
     </span>
     <span class='ocr_line' id='line_1_5' title="bbox 138 378 1616 429; baseline -0.001 -13"><span class='ocrx_word' id='word_1_30' title='bbox 138 378 206 416; x_wconf 91' lang='lat' dir='ltr'>hoc</span> <span class='ocrx_word' id='word_1_31' title='bbox 235 380 399 418; x_wconf 86' lang='lat' dir='ltr'>maxime</span> <span class='ocrx_word' id='word_1_32' title='bbox 427 380 605 428; x_wconf 87' lang='lat' dir='ltr'>refragari</span> <span class='ocrx_word' id='word_1_33' title='bbox 632 382 810 429; x_wconf 90' lang='lat' dir='ltr'>putamus</span> <span class='ocrx_word' id='word_1_34' title='bbox 845 380 942 428; x_wconf 90' lang='lat' dir='ltr'>quod</span> <span class='ocrx_word' id='word_1_35' title='bbox 978 380 1031 417; x_wconf 94' lang='lat' dir='ltr'>IV</span> <span class='ocrx_word' id='word_1_36' title='bbox 1059 381 1135 417; x_wconf 86' lang='lat'>435</span> <span class='ocrx_word' id='word_1_37' title='bbox 1165 379 1200 416; x_wconf 91' lang='lat' dir='ltr'>D</span> <span class='ocrx_word' id='word_1_38' title='bbox 1229 382 1266 417; x_wconf 92' lang='lat' dir='ltr'>et</span> <span class='ocrx_word' id='word_1_39' title='bbox 1292 380 1346 416; x_wconf 89' lang='lat' dir='ltr'>VI</span> <span class='ocrx_word' id='word_1_40' title='bbox 1375 380 1452 416; x_wconf 88' lang='grc'>504</span> <span class='ocrx_word' id='word_1_41' title='bbox 1481 380 1523 422; x_wconf 86' lang='grc' dir='ltr'>Β,</span> <span class='ocrx_word' id='word_1_42' title='bbox 1553 379 1616 416; x_wconf 90' lang='lat' dir='ltr'>ubi</span> 
     </span>
     <span class='ocr_line' id='line_1_6' title="bbox 136 443 1615 493; baseline -0.001 -12"><span class='ocrx_word' id='word_1_43' title='bbox 136 443 189 481; x_wconf 89' lang='lat' dir='ltr'>rei</span> <span class='ocrx_word' id='word_1_44' title='bbox 216 444 355 482; x_wconf 92' lang='lat' dir='ltr'>mentio</span> <span class='ocrx_word' id='word_1_45' title='bbox 391 444 453 489; x_wconf 86' lang='lat' dir='ltr'>fit,</span> <span class='ocrx_word' id='word_1_46' title='bbox 491 446 571 482; x_wconf 88' lang='lat' dir='ltr'>tam</span> <span class='ocrx_word' id='word_1_47' title='bbox 609 447 733 493; x_wconf 89' lang='lat' dir='ltr'>aperte</span> <span class='ocrx_word' id='word_1_48' title='bbox 772 445 973 482; x_wconf 87' lang='lat' dir='ltr'>concinunt</span> <span class='ocrx_word' id='word_1_49' title='bbox 1012 446 1056 482; x_wconf 92' lang='lat' dir='ltr'>ut</span> <span class='ocrx_word' id='word_1_50' title='bbox 1090 444 1171 493; x_wconf 89' lang='lat' dir='ltr'>ipsa</span> <span class='ocrx_word' id='word_1_51' title='bbox 1199 443 1312 482; x_wconf 85' lang='lat' dir='ltr'>verba</span> <span class='ocrx_word' id='word_1_52' title='bbox 1339 455 1454 492; x_wconf 88' lang='lat' dir='ltr'>paene</span> <span class='ocrx_word' id='word_1_53' title='bbox 1483 443 1615 481; x_wconf 86' lang='lat' dir='ltr'>eadem</span> 
     </span>
     <span class='ocr_line' id='line_1_7' title="bbox 138 506 1615 556; baseline 0 -13"><span class='ocrx_word' id='word_1_54' title='bbox 138 506 222 543; x_wconf 92' lang='lat' dir='ltr'>sint.</span> <span class='ocrx_word' id='word_1_55' title='bbox 231 508 259 556; x_wconf 90' lang='lat'>¹)</span> <span class='ocrx_word' id='word_1_56' title='bbox 324 507 379 543; x_wconf 86' lang='lat' dir='ltr'>Ex</span> <span class='ocrx_word' id='word_1_57' title='bbox 415 519 487 555; x_wconf 90' lang='lat' dir='ltr'>quo</span> <span class='ocrx_word' id='word_1_58' title='bbox 529 519 616 544; x_wconf 89' lang='lat' dir='ltr'>cum</span> <span class='ocrx_word' id='word_1_59' title='bbox 651 508 743 545; x_wconf 88' lang='lat' dir='ltr'>satis</span> <span class='ocrx_word' id='word_1_60' title='bbox 782 510 959 556; x_wconf 84' lang='lat' dir='ltr'>appareat</span> <span class='ocrx_word' id='word_1_61' title='bbox 993 508 1188 545; x_wconf 88' lang='lat' dir='ltr'>Platonem</span> <span class='ocrx_word' id='word_1_62' title='bbox 1229 510 1386 555; x_wconf 89' lang='lat' dir='ltr'>utroque</span> <span class='ocrx_word' id='word_1_63' title='bbox 1422 508 1499 544; x_wconf 94' lang='grc'>1000</span> <span class='ocrx_word' id='word_1_64' title='bbox 1533 518 1615 544; x_wconf 89' lang='lat' dir='ltr'>rem</span> 
     </span>
     <span class='ocr_line' id='line_1_8' title="bbox 138 570 1615 621; baseline -0.001 -13"><span class='ocrx_word' id='word_1_65' title='bbox 138 570 296 609; x_wconf 90' lang='lat' dir='ltr'>voluisse</span> <span class='ocrx_word' id='word_1_66' title='bbox 323 582 440 609; x_wconf 89' lang='lat' dir='ltr'>unam</span> <span class='ocrx_word' id='word_1_67' title='bbox 468 571 697 620; x_wconf 85' lang='lat' dir='ltr'>eandemque</span> <span class='ocrx_word' id='word_1_68' title='bbox 726 571 930 620; x_wconf 81' lang='lat' dir='ltr'>designare,</span> <span class='ocrx_word' id='word_1_69' title='bbox 968 570 1127 621; x_wconf 79' lang='lat' dir='ltr'>profecto</span> <span class='ocrx_word' id='word_1_70' title='bbox 1155 582 1306 609; x_wconf 85' lang='grc'>11000880</span> <span class='ocrx_word' id='word_1_71' title='bbox 1335 572 1392 608; x_wconf 90' lang='lat' dir='ltr'>est</span> <span class='ocrx_word' id='word_1_72' title='bbox 1419 582 1538 608; x_wconf 90' lang='lat' dir='ltr'>unum</span> <span class='ocrx_word' id='word_1_73' title='bbox 1567 570 1615 607; x_wconf 87' lang='lat' dir='ltr'>sit</span> 
     </span>
     <span class='ocr_line' id='line_1_9' title="bbox 139 635 1617 684; baseline 0.001 -12"><span class='ocrx_word' id='word_1_74' title='bbox 139 635 184 672; x_wconf 89' lang='lat' dir='ltr'>de</span> <span class='ocrx_word' id='word_1_75' title='bbox 213 635 378 672; x_wconf 89' lang='lat' dir='ltr'>duobus:</span> <span class='ocrx_word' id='word_1_76' title='bbox 409 637 475 673; x_wconf 88' lang='lat' dir='ltr'>aut</span> <span class='ocrx_word' id='word_1_77' title='bbox 514 636 614 673; x_wconf 88' lang='lat' dir='ltr'>enim</span> <span class='ocrx_word' id='word_1_78' title='bbox 641 636 880 684; x_wconf 89' lang='lat' dir='ltr'>philosophus</span> <span class='ocrx_word' id='word_1_79' title='bbox 916 636 1033 673; x_wconf 87' lang='lat' dir='ltr'>mirae</span> <span class='ocrx_word' id='word_1_80' title='bbox 1061 636 1257 674; x_wconf 91' lang='lat' dir='ltr'>cuiusdam</span> <span class='ocrx_word' id='word_1_81' title='bbox 1287 647 1329 673; x_wconf 89' lang='lat' dir='ltr'>ac</span> <span class='ocrx_word' id='word_1_82' title='bbox 1357 647 1472 684; x_wconf 88' lang='lat' dir='ltr'>paene</span> <span class='ocrx_word' id='word_1_83' title='bbox 1500 636 1617 673; x_wconf 89' lang='lat' dir='ltr'>incre-</span> 
     </span>
     <span class='ocr_line' id='line_1_10' title="bbox 138 698 1616 749; baseline -0.001 -13"><span class='ocrx_word' id='word_1_84' title='bbox 138 698 261 737; x_wconf 89' lang='lat' dir='ltr'>dibilis</span> <span class='ocrx_word' id='word_1_85' title='bbox 289 699 521 749; x_wconf 84' lang='lat' dir='ltr'>insipientiae</span> <span class='ocrx_word' id='word_1_86' title='bbox 550 699 775 749; x_wconf 88' lang='lat' dir='ltr'>coarguitur,</span> <span class='ocrx_word' id='word_1_87' title='bbox 813 700 946 749; x_wconf 89' lang='lat' dir='ltr'>quippe</span> <span class='ocrx_word' id='word_1_88' title='bbox 980 700 1044 748; x_wconf 92' lang='lat' dir='ltr'>qui</span> <span class='ocrx_word' id='word_1_89' title='bbox 1072 699 1166 737; x_wconf 87' lang='lat' dir='ltr'>duas</span> <span class='ocrx_word' id='word_1_90' title='bbox 1195 711 1252 737; x_wconf 89' lang='lat' dir='ltr'>res</span> <span class='ocrx_word' id='word_1_91' title='bbox 1281 700 1442 736; x_wconf 84' lang='lat' dir='ltr'>maxime</span> <span class='ocrx_word' id='word_1_92' title='bbox 1472 701 1616 736; x_wconf 85' lang='lat' dir='ltr'>contra-</span> 
     </span>
     <span class='ocr_line' id='line_1_11' title="bbox 136 764 1615 816; baseline -0.001 -14"><span class='ocrx_word' id='word_1_93' title='bbox 136 764 212 802; x_wconf 89' lang='lat' dir='ltr'>rias</span> <span class='ocrx_word' id='word_1_94' title='bbox 241 764 446 803; x_wconf 86' lang='lat' dir='ltr'>confuderit</span> <span class='ocrx_word' id='word_1_95' title='bbox 474 776 517 816; x_wconf 87' lang='lat' dir='ltr'>ac</span> <span class='ocrx_word' id='word_1_96' title='bbox 545 765 814 814; x_wconf 88' lang='lat' dir='ltr'>permiscuerit,</span> <span class='ocrx_word' id='word_1_97' title='bbox 851 767 918 803; x_wconf 90' lang='lat' dir='ltr'>aut</span> <span class='ocrx_word' id='word_1_98' title='bbox 956 765 1075 815; x_wconf 84' lang='lat' dir='ltr'>operis</span> <span class='ocrx_word' id='word_1_99' title='bbox 1104 765 1284 803; x_wconf 85' lang='lat' dir='ltr'>Platonici</span> <span class='ocrx_word' id='word_1_100' title='bbox 1318 764 1428 803; x_wconf 83' lang='lat' dir='ltr'>iudex</span> <span class='ocrx_word' id='word_1_101' title='bbox 1456 764 1532 813; x_wconf 88' lang='lat' dir='ltr'>ipse</span> <span class='ocrx_word' id='word_1_102' title='bbox 1561 764 1615 801; x_wconf 91' lang='lat' dir='ltr'>in-</span> 
     </span>
     <span class='ocr_line' id='line_1_12' title="bbox 137 828 1614 877; baseline 0.001 -13"><span class='ocrx_word' id='word_1_103' title='bbox 137 828 365 866; x_wconf 84' lang='lat' dir='ltr'>considerate</span> <span class='ocrx_word' id='word_1_104' title='bbox 393 839 437 866; x_wconf 73' lang='grc'>00</span> <span class='ocrx_word' id='word_1_105' title='bbox 464 830 695 877; x_wconf 89' lang='lat' dir='ltr'>praepostere</span> <span class='ocrx_word' id='word_1_106' title='bbox 723 829 762 866; x_wconf 93' lang='lat' dir='ltr'>in</span> <span class='ocrx_word' id='word_1_107' title='bbox 790 829 859 866; x_wconf 90' lang='lat' dir='ltr'>hae</span> <span class='ocrx_word' id='word_1_108' title='bbox 878 840 992 866; x_wconf 87' lang='lat' dir='ltr'>causa</span> <span class='ocrx_word' id='word_1_109' title='bbox 1012 829 1280 867; x_wconf 85' lang='lat' dir='ltr'>existimavisse</span> <span class='ocrx_word' id='word_1_110' title='bbox 1308 829 1518 866; x_wconf 88' lang='lat' dir='ltr'>censendus</span> <span class='ocrx_word' id='word_1_111' title='bbox 1538 830 1614 877; x_wconf 72' lang='lat' dir='ltr'>est.</span> 
     </span>
     <span class='ocr_line' id='line_1_13' title="bbox 138 890 983 942; baseline 0 -12"><span class='ocrx_word' id='word_1_112' title='bbox 138 890 305 939; x_wconf 83' lang='lat' dir='ltr'>Quorum</span> <span class='ocrx_word' id='word_1_113' title='bbox 332 894 460 930; x_wconf 89' lang='lat' dir='ltr'>utrum</span> <span class='ocrx_word' id='word_1_114' title='bbox 488 893 633 942; x_wconf 89' lang='lat' dir='ltr'>placeat</span> <span class='ocrx_word' id='word_1_115' title='bbox 660 892 736 931; x_wconf 89' lang='lat' dir='ltr'>iam</span> <span class='ocrx_word' id='word_1_116' title='bbox 764 892 983 931; x_wconf 86' lang='lat' dir='ltr'>videbimus.</span> 
     </span>
    </p>
   </div>
   <div class='ocr_carea' id='block_1_3' title="bbox 131 976 1616 2041">
    <p class='ocr_par' dir='ltr' id='par_1_3' title="bbox 131 976 1616 2041">
     <span class='ocr_line' id='line_1_14' title="bbox 243 976 1615 1025; baseline 0 -12"><span class='ocrx_word' id='word_1_117' title='bbox 243 976 287 1013; x_wconf 91' lang='lat' dir='ltr'>In</span> <span class='ocrx_word' id='word_1_118' title='bbox 322 979 485 1014; x_wconf 90' lang='lat' dir='ltr'>extremo</span> <span class='ocrx_word' id='word_1_119' title='bbox 524 977 638 1025; x_wconf 89' lang='lat' dir='ltr'>igitur</span> <span class='ocrx_word' id='word_1_120' title='bbox 673 977 765 1014; x_wconf 88' lang='lat' dir='ltr'>libro</span> <span class='ocrx_word' id='word_1_121' title='bbox 795 979 895 1015; x_wconf 87' lang='lat' dir='ltr'>sexto</span> <span class='ocrx_word' id='word_1_122' title='bbox 924 979 1103 1025; x_wconf 89' lang='lat' dir='ltr'>quattuor</span> <span class='ocrx_word' id='word_1_123' title='bbox 1130 976 1236 1013; x_wconf 91' lang='lat' dir='ltr'>Plato</span> <span class='ocrx_word' id='word_1_124' title='bbox 1265 977 1462 1024; x_wconf 81' lang='lat' dir='ltr'>distinguit</span> <span class='ocrx_word' id='word_1_125' title='bbox 1490 988 1615 1013; x_wconf 90' lang='lat' dir='ltr'>rerum</span> 
     </span>
     <span class='ocr_line' id='line_1_15' title="bbox 136 1040 1616 1091; baseline -0.001 -12"><span class='ocrx_word' id='word_1_126' title='bbox 136 1052 283 1089; x_wconf 87' lang='lat' dir='ltr'>genera,</span> <span class='ocrx_word' id='word_1_127' title='bbox 313 1041 448 1091; x_wconf 90' lang='lat' dir='ltr'>quibus</span> <span class='ocrx_word' id='word_1_128' title='bbox 477 1041 633 1080; x_wconf 90' lang='lat' dir='ltr'>totidem</span> <span class='ocrx_word' id='word_1_129' title='bbox 652 1041 873 1090; x_wconf 86' lang='lat' dir='ltr'>agitationes</span> <span class='ocrx_word' id='word_1_130' title='bbox 893 1041 1009 1080; x_wconf 92' lang='lat' dir='ltr'>animi</span> <span class='ocrx_word' id='word_1_131' title='bbox 1036 1040 1297 1091; x_wconf 89' lang='lat' dir='ltr'>respondentes</span> <span class='ocrx_word' id='word_1_132' title='bbox 1326 1040 1425 1079; x_wconf 86' lang='lat' dir='ltr'>facit.</span> <span class='ocrx_word' id='word_1_133' title='bbox 1465 1040 1616 1079; x_wconf 84' lang='lat' dir='ltr'>Etenim</span> 
     </span>
     <span class='ocr_line' id='line_1_16' title="bbox 136 1100 1613 1156; baseline 0.001 -15"><span class='ocrx_word' id='word_1_134' title='bbox 136 1105 239 1142; x_wconf 89' lang='lat' dir='ltr'>ideas</span> <span class='ocrx_word' id='word_1_135' title='bbox 267 1117 381 1153; x_wconf 89' lang='lat' dir='ltr'>puras</span> <span class='ocrx_word' id='word_1_136' title='bbox 410 1108 447 1143; x_wconf 91' lang='lat' dir='ltr'>et</span> <span class='ocrx_word' id='word_1_137' title='bbox 475 1117 497 1143; x_wconf 90' lang='lat' dir='ltr'>a</span> <span class='ocrx_word' id='word_1_138' title='bbox 527 1107 697 1143; x_wconf 90' lang='lat' dir='ltr'>sensibus</span> <span class='ocrx_word' id='word_1_139' title='bbox 726 1107 915 1143; x_wconf 88' lang='lat' dir='ltr'>seiunctas</span> <span class='ocrx_word' id='word_1_140' title='bbox 941 1106 1133 1143; x_wconf 80' lang='lat' dir='ltr'>intellectu</span> <span class='ocrx_word' id='word_1_141' title='bbox 1153 1107 1228 1143; x_wconf 78' lang='lat' dir='ltr'>sive</span> <span class='ocrx_word' id='word_1_142' title='bbox 1256 1100 1386 1156; x_wconf 77' lang='grc' dir='ltr'><em>νοήσει</em></span> <span class='ocrx_word' id='word_1_143' title='bbox 1414 1106 1613 1149; x_wconf 90' lang='lat' dir='ltr'>intuemur,</span> 
     </span>
     <span class='ocr_line' id='line_1_17' title="bbox 136 1168 1613 1218; baseline -0.001 -11"><span class='ocrx_word' id='word_1_144' title='bbox 136 1180 267 1207; x_wconf 86' lang='lat' dir='ltr'>earum</span> <span class='ocrx_word' id='word_1_145' title='bbox 302 1169 484 1218; x_wconf 88' lang='lat' dir='ltr'>imagines</span> <span class='ocrx_word' id='word_1_146' title='bbox 523 1170 592 1208; x_wconf 92' lang='lat' dir='ltr'>sub</span> <span class='ocrx_word' id='word_1_147' title='bbox 630 1181 763 1208; x_wconf 90' lang='lat' dir='ltr'>sensus</span> <span class='ocrx_word' id='word_1_148' title='bbox 799 1169 974 1209; x_wconf 84' lang='lat' dir='ltr'>cadentes</span> <span class='ocrx_word' id='word_1_149' title='bbox 1003 1170 1061 1208; x_wconf 87' lang='lat' dir='ltr'>vel</span> <span class='ocrx_word' id='word_1_150' title='bbox 1088 1168 1226 1207; x_wconf 87' lang='lat' dir='ltr'>formas</span> <span class='ocrx_word' id='word_1_151' title='bbox 1255 1169 1496 1218; x_wconf 87' lang='lat' dir='ltr'>geometricas</span> <span class='ocrx_word' id='word_1_152' title='bbox 1525 1168 1613 1206; x_wconf 79' lang='grc' dir='ltr'><em>δια-</em></span> 
     </span>
     <span class='ocr_line' id='line_1_18' title="bbox 133 1230 1614 1282; baseline 0.001 -14"><span class='ocrx_word' id='word_1_153' title='bbox 133 1230 221 1282; x_wconf 79' lang='grc' dir='ltr'><em>νοίᾳ</em></span> <span class='ocrx_word' id='word_1_154' title='bbox 249 1234 516 1281; x_wconf 86' lang='lat' dir='ltr'>cognoscimus,</span> <span class='ocrx_word' id='word_1_155' title='bbox 557 1246 615 1272; x_wconf 90' lang='lat' dir='ltr'>res</span> <span class='ocrx_word' id='word_1_156' title='bbox 651 1235 768 1272; x_wconf 90' lang='lat' dir='ltr'>oculis</span> <span class='ocrx_word' id='word_1_157' title='bbox 807 1235 994 1272; x_wconf 89' lang='lat' dir='ltr'>subiectae</span> <span class='ocrx_word' id='word_1_158' title='bbox 1028 1230 1176 1280; x_wconf 83' lang='grc' dir='ltr'><em>πίστει,</em></span> <span class='ocrx_word' id='word_1_159' title='bbox 1208 1234 1365 1282; x_wconf 87' lang='lat' dir='ltr'>denique</span> <span class='ocrx_word' id='word_1_160' title='bbox 1395 1235 1528 1271; x_wconf 89' lang='lat' dir='ltr'>harum</span> <span class='ocrx_word' id='word_1_161' title='bbox 1557 1234 1614 1272; x_wconf 84' lang='lat' dir='ltr'>vel</span> 
     </span>
     <span class='ocr_line' id='line_1_19' title="bbox 134 1293 1614 1348; baseline 0 -14"><span class='ocrx_word' id='word_1_162' title='bbox 134 1295 315 1345; x_wconf 85' lang='lat' dir='ltr'>imagines</span> <span class='ocrx_word' id='word_1_163' title='bbox 358 1297 414 1336; x_wconf 85' lang='lat' dir='ltr'>vel</span> <span class='ocrx_word' id='word_1_164' title='bbox 455 1297 611 1336; x_wconf 86' lang='lat' dir='ltr'>umbrae</span> <span class='ocrx_word' id='word_1_165' title='bbox 653 1297 864 1336; x_wconf 89' lang='lat' dir='ltr'>coniectura</span> <span class='ocrx_word' id='word_1_166' title='bbox 903 1297 978 1336; x_wconf 88' lang='lat' dir='ltr'>sive</span> <span class='ocrx_word' id='word_1_167' title='bbox 1013 1293 1171 1348; x_wconf 78' lang='grc' dir='ltr'><strong><em>εἰκασίᾳ</em></strong></span> <span class='ocrx_word' id='word_1_168' title='bbox 1211 1297 1473 1347; x_wconf 87' lang='lat' dir='ltr'>percipiuntur.</span> <span class='ocrx_word' id='word_1_169' title='bbox 1545 1297 1614 1334; x_wconf 90' lang='lat' dir='ltr'>His</span> 
     </span>
     <span class='ocr_line' id='line_1_20' title="bbox 134 1362 1615 1410; baseline 0.001 -12"><span class='ocrx_word' id='word_1_170' title='bbox 134 1363 311 1408; x_wconf 90' lang='lat' dir='ltr'>quattuor</span> <span class='ocrx_word' id='word_1_171' title='bbox 339 1364 377 1399; x_wconf 90' lang='lat' dir='ltr'>et</span> <span class='ocrx_word' id='word_1_172' title='bbox 404 1374 530 1399; x_wconf 88' lang='lat' dir='ltr'>rerum</span> <span class='ocrx_word' id='word_1_173' title='bbox 558 1364 595 1400; x_wconf 93' lang='lat' dir='ltr'>et</span> <span class='ocrx_word' id='word_1_174' title='bbox 623 1362 868 1410; x_wconf 87' lang='lat' dir='ltr'>cognoscendi</span> <span class='ocrx_word' id='word_1_175' title='bbox 895 1362 1073 1410; x_wconf 87' lang='lat' dir='ltr'>gradibus</span> <span class='ocrx_word' id='word_1_176' title='bbox 1102 1374 1190 1400; x_wconf 90' lang='lat' dir='ltr'>cum</span> <span class='ocrx_word' id='word_1_177' title='bbox 1217 1363 1434 1400; x_wconf 87' lang='lat' dir='ltr'>universum</span> <span class='ocrx_word' id='word_1_178' title='bbox 1462 1362 1615 1410; x_wconf 88' lang='lat' dir='ltr'>cogniti-</span> 
     </span>
     <span class='ocr_line' id='line_1_21' title="bbox 134 1424 1613 1475; baseline 0 -13"><span class='ocrx_word' id='word_1_179' title='bbox 134 1424 213 1462; x_wconf 90' lang='lat' dir='ltr'>onis</span> <span class='ocrx_word' id='word_1_180' title='bbox 241 1424 429 1463; x_wconf 88' lang='lat' dir='ltr'>humanae</span> <span class='ocrx_word' id='word_1_181' title='bbox 457 1425 644 1463; x_wconf 90' lang='lat' dir='ltr'>ambitum</span> <span class='ocrx_word' id='word_1_182' title='bbox 681 1425 860 1463; x_wconf 90' lang='lat' dir='ltr'>contineri</span> <span class='ocrx_word' id='word_1_183' title='bbox 895 1427 1083 1475; x_wconf 87' lang='lat' dir='ltr'>appareat,</span> <span class='ocrx_word' id='word_1_184' title='bbox 1121 1425 1210 1473; x_wconf 93' lang='lat' dir='ltr'>quid</span> <span class='ocrx_word' id='word_1_185' title='bbox 1238 1425 1393 1474; x_wconf 91' lang='lat' dir='ltr'>impedit</span> <span class='ocrx_word' id='word_1_186' title='bbox 1433 1426 1523 1473; x_wconf 90' lang='lat' dir='ltr'>quin</span> <span class='ocrx_word' id='word_1_187' title='bbox 1553 1437 1613 1463; x_wconf 91' lang='lat' dir='ltr'>eos</span> 
     </span>
     <span class='ocr_line' id='line_1_22' title="bbox 133 1486 1614 1539; baseline 0.001 -13"><span class='ocrx_word' id='word_1_188' title='bbox 133 1488 247 1526; x_wconf 89' lang='lat' dir='ltr'>etiam</span> <span class='ocrx_word' id='word_1_189' title='bbox 282 1500 357 1527; x_wconf 93' lang='lat' dir='ltr'>uno</span> <span class='ocrx_word' id='word_1_190' title='bbox 392 1486 461 1527; x_wconf 75' lang='grc' dir='ltr'><em>τοῦ</em></span> <span class='ocrx_word' id='word_1_191' title='bbox 498 1487 723 1539; x_wconf 73' lang='grc' dir='ltr'><em>λογιστικοῦ</em></span> <span class='ocrx_word' id='word_1_192' title='bbox 760 1489 909 1529; x_wconf 86' lang='grc'>1101111110</span> <span class='ocrx_word' id='word_1_193' title='bbox 937 1490 1325 1539; x_wconf 77' lang='lat' dir='ltr'>comprehendamus?</span> <span class='ocrx_word' id='word_1_194' title='bbox 1391 1489 1490 1527; x_wconf 89' lang='lat' dir='ltr'>Nam</span> <span class='ocrx_word' id='word_1_195' title='bbox 1517 1489 1614 1538; x_wconf 90' lang='lat' dir='ltr'>quod</span> 
     </span>
     <span class='ocr_line' id='line_1_23' title="bbox 134 1547 1614 1604; baseline 0.001 -14"><span class='ocrx_word' id='word_1_196' title='bbox 134 1553 323 1591; x_wconf 88' lang='lat' dir='ltr'>Krohnius</span> <span class='ocrx_word' id='word_1_197' title='bbox 352 1554 438 1591; x_wconf 92' lang='lat' dir='ltr'>huic</span> <span class='ocrx_word' id='word_1_198' title='bbox 466 1554 684 1592; x_wconf 89' lang='lat' dir='ltr'>adversatus</span> <span class='ocrx_word' id='word_1_199' title='bbox 722 1554 925 1592; x_wconf 86' lang='lat' dir='ltr'>sententiae</span> <span class='ocrx_word' id='word_1_200' title='bbox 966 1553 1015 1603; x_wconf 92' lang='lat' dir='ltr'>(d.</span> <span class='ocrx_word' id='word_1_201' title='bbox 1044 1554 1093 1603; x_wconf 88' lang='lat' dir='ltr'>pl.</span> <span class='ocrx_word' id='word_1_202' title='bbox 1124 1553 1178 1592; x_wconf 89' lang='lat' dir='ltr'>St.</span> <span class='ocrx_word' id='word_1_203' title='bbox 1207 1567 1242 1603; x_wconf 88' lang='lat' dir='ltr'>p.</span> <span class='ocrx_word' id='word_1_204' title='bbox 1272 1554 1339 1603; x_wconf 87' lang='grc'>99)</span> <span class='ocrx_word' id='word_1_205' title='bbox 1367 1547 1413 1591; x_wconf 81' lang='grc' dir='ltr'>τὸ</span> <span class='ocrx_word' id='word_1_206' title='bbox 1440 1552 1614 1604; x_wconf 78' lang='grc' dir='ltr'><em>λογιστι-</em></span> 
     </span>
     <span class='ocr_line' id='line_1_24' title="bbox 132 1610 1616 1667; baseline 0.001 -13"><span class='ocrx_word' id='word_1_207' title='bbox 132 1610 202 1654; x_wconf 80' lang='grc' dir='ltr'>κόν</span> <span class='ocrx_word' id='word_1_208' title='bbox 229 1618 268 1655; x_wconf 90' lang='grc'>111</span> <span class='ocrx_word' id='word_1_209' title='bbox 296 1618 387 1655; x_wconf 93' lang='lat' dir='ltr'>libro</span> <span class='ocrx_word' id='word_1_210' title='bbox 417 1620 549 1667; x_wconf 87' lang='lat' dir='ltr'>quarto</span> <span class='ocrx_word' id='word_1_211' title='bbox 579 1620 782 1656; x_wconf 90' lang='lat' dir='ltr'>tractatum</span> <span class='ocrx_word' id='word_1_212' title='bbox 819 1618 857 1656; x_wconf 93' lang='lat' dir='ltr'>in</span> <span class='ocrx_word' id='word_1_213' title='bbox 894 1618 1006 1656; x_wconf 91' lang='lat' dir='ltr'>rebus</span> <span class='ocrx_word' id='word_1_214' title='bbox 1035 1618 1140 1656; x_wconf 90' lang='lat' dir='ltr'>bonis</span> <span class='ocrx_word' id='word_1_215' title='bbox 1170 1620 1321 1656; x_wconf 87' lang='lat' dir='ltr'>tantum</span> <span class='ocrx_word' id='word_1_216' title='bbox 1348 1619 1533 1667; x_wconf 89' lang='lat' dir='ltr'>malisque</span> <span class='ocrx_word' id='word_1_217' title='bbox 1562 1618 1616 1655; x_wconf 93' lang='lat' dir='ltr'>di-</span> 
     </span>
     <span class='ocr_line' id='line_1_25' title="bbox 131 1673 1611 1732; baseline 0.001 -15"><span class='ocrx_word' id='word_1_218' title='bbox 131 1680 339 1719; x_wconf 87' lang='lat' dir='ltr'>iudicandis</span> <span class='ocrx_word' id='word_1_219' title='bbox 382 1682 521 1719; x_wconf 88' lang='lat' dir='ltr'>versari</span> <span class='ocrx_word' id='word_1_220' title='bbox 572 1673 907 1732; x_wconf 80' lang='grc' dir='ltr'><em>(ἆναλογιζὸμενον</em></span> <span class='ocrx_word' id='word_1_221' title='bbox 948 1679 1040 1732; x_wconf 82' lang='grc' dir='ltr'><em>περὶ</em></span> <span class='ocrx_word' id='word_1_222' title='bbox 1081 1679 1280 1730; x_wconf 82' lang='grc' dir='ltr'><em>βελτίονος</em></span> <span class='ocrx_word' id='word_1_223' title='bbox 1321 1680 1389 1719; x_wconf 79' lang='grc' dir='ltr'>καὶ</span> <span class='ocrx_word' id='word_1_224' title='bbox 1429 1679 1611 1731; x_wconf 83' lang='grc' dir='ltr'><em>χείρονος,</em></span> 
     </span>
     <span class='ocr_line' id='line_1_26' title="bbox 132 1739 1616 1795; baseline 0 -13"><span class='ocrx_word' id='word_1_225' title='bbox 132 1744 185 1783; x_wconf 89' lang='lat' dir='ltr'>IV</span> <span class='ocrx_word' id='word_1_226' title='bbox 215 1745 290 1782; x_wconf 84' lang='lat'>441</span> <span class='ocrx_word' id='word_1_227' title='bbox 324 1744 367 1795; x_wconf 81' lang='lat' dir='ltr'>G)</span> <span class='ocrx_word' id='word_1_228' title='bbox 395 1745 756 1794; x_wconf 86' lang='lat' dir='ltr'>immoderatamque</span> <span class='ocrx_word' id='word_1_229' title='bbox 785 1746 1034 1795; x_wconf 86' lang='lat' dir='ltr'>cupiditatum</span> <span class='ocrx_word' id='word_1_230' title='bbox 1075 1746 1266 1784; x_wconf 87' lang='lat' dir='ltr'>licentiam</span> <span class='ocrx_word' id='word_1_231' title='bbox 1294 1757 1526 1795; x_wconf 86' lang='lat' dir='ltr'>compescere</span> <span class='ocrx_word' id='word_1_232' title='bbox 1556 1739 1616 1794; x_wconf 79' lang='grc' dir='ltr'>(τὸ</span> 
     </span>
     <span class='ocr_line' id='line_1_27' title="bbox 132 1801 1616 1860; baseline 0.001 -13"><span class='ocrx_word' id='word_1_233' title='bbox 132 1801 337 1856; x_wconf 76' lang='grc' dir='ltr'><em>ἆνθέλκον,</em></span> <span class='ocrx_word' id='word_1_234' title='bbox 367 1808 515 1848; x_wconf 80' lang='grc' dir='ltr'><em>κωλῦον</em></span> <span class='ocrx_word' id='word_1_235' title='bbox 549 1810 601 1848; x_wconf 91' lang='lat' dir='ltr'>IV</span> <span class='ocrx_word' id='word_1_236' title='bbox 638 1811 714 1848; x_wconf 86' lang='lat'>439</span> <span class='ocrx_word' id='word_1_237' title='bbox 744 1810 788 1848; x_wconf 92' lang='lat' dir='ltr'>B.</span> <span class='ocrx_word' id='word_1_238' title='bbox 818 1809 873 1860; x_wconf 80' lang='lat' dir='ltr'>O),</span> <span class='ocrx_word' id='word_1_239' title='bbox 909 1822 1028 1860; x_wconf 88' lang='lat' dir='ltr'>neque</span> <span class='ocrx_word' id='word_1_240' title='bbox 1065 1822 1149 1849; x_wconf 90' lang='lat' dir='ltr'>vero</span> <span class='ocrx_word' id='word_1_241' title='bbox 1177 1822 1302 1849; x_wconf 88' lang='lat' dir='ltr'>rerum</span> <span class='ocrx_word' id='word_1_242' title='bbox 1330 1822 1413 1849; x_wconf 86' lang='lat' dir='ltr'>vere</span> <span class='ocrx_word' id='word_1_243' title='bbox 1442 1813 1616 1849; x_wconf 89' lang='lat' dir='ltr'>constan-</span> 
     </span>
     <span class='ocr_line' id='line_1_28' title="bbox 134 1874 1616 1913; baseline 0.001 -2"><span class='ocrx_word' id='word_1_244' title='bbox 134 1874 231 1911; x_wconf 90' lang='lat' dir='ltr'>tium</span> <span class='ocrx_word' id='word_1_245' title='bbox 273 1876 340 1912; x_wconf 90' lang='lat' dir='ltr'>aut</span> <span class='ocrx_word' id='word_1_246' title='bbox 383 1875 554 1913; x_wconf 88' lang='lat' dir='ltr'>sensibus</span> <span class='ocrx_word' id='word_1_247' title='bbox 598 1875 853 1913; x_wconf 88' lang='lat' dir='ltr'>subiectarum</span> <span class='ocrx_word' id='word_1_248' title='bbox 887 1876 1005 1913; x_wconf 89' lang='lat' dir='ltr'>ullam</span> <span class='ocrx_word' id='word_1_249' title='bbox 1041 1876 1178 1913; x_wconf 88' lang='lat' dir='ltr'>habere</span> <span class='ocrx_word' id='word_1_250' title='bbox 1218 1875 1494 1913; x_wconf 88' lang='lat' dir='ltr'>distinctionem</span> <span class='ocrx_word' id='word_1_251' title='bbox 1531 1887 1616 1913; x_wconf 88' lang='lat' dir='ltr'>con·</span> 
     </span>
     <span class='ocr_line' id='line_1_29' title="bbox 133 1937 1615 1987; baseline 0.001 -13"><span class='ocrx_word' id='word_1_252' title='bbox 133 1937 270 1981; x_wconf 86' lang='lat' dir='ltr'>tendit,</span> <span class='ocrx_word' id='word_1_253' title='bbox 307 1940 464 1986; x_wconf 89' lang='lat' dir='ltr'>possunt</span> <span class='ocrx_word' id='word_1_254' title='bbox 500 1940 597 1976; x_wconf 89' lang='lat' dir='ltr'>certe</span> <span class='ocrx_word' id='word_1_255' title='bbox 634 1938 753 1976; x_wconf 84' lang='lat' dir='ltr'>afferri</span> <span class='ocrx_word' id='word_1_256' title='bbox 790 1950 863 1976; x_wconf 91' lang='lat' dir='ltr'>non</span> <span class='ocrx_word' id='word_1_257' title='bbox 899 1950 1020 1987; x_wconf 88' lang='lat' dir='ltr'>pauca</span> <span class='ocrx_word' id='word_1_258' title='bbox 1059 1939 1194 1987; x_wconf 91' lang='lat' dir='ltr'>quibus</span> <span class='ocrx_word' id='word_1_259' title='bbox 1223 1939 1406 1976; x_wconf 87' lang='lat' dir='ltr'>contraria</span> <span class='ocrx_word' id='word_1_260' title='bbox 1434 1940 1529 1976; x_wconf 89' lang='lat' dir='ltr'>ratio</span> <span class='ocrx_word' id='word_1_261' title='bbox 1558 1939 1615 1976; x_wconf 91' lang='lat' dir='ltr'>vel</span> 
     </span>
     <span class='ocr_line' id='line_1_30' title="bbox 133 2001 616 2041; baseline 0.002 -2"><span class='ocrx_word' id='word_1_262' title='bbox 133 2001 297 2040; x_wconf 85' lang='lat' dir='ltr'>maxime</span> <span class='ocrx_word' id='word_1_263' title='bbox 324 2001 616 2041; x_wconf 90' lang='lat' dir='ltr'>commendetur.</span> 
     </span>
    </p>
   </div>
   <div class='ocr_carea' id='block_1_4' title="bbox 131 2184 1616 2500">
    <p class='ocr_par' dir='ltr' id='par_1_4' title="bbox 131 2184 1616 2500">
     <span class='ocr_line' id='line_1_31' title="bbox 243 2184 1616 2236; baseline 0 -12"><span class='ocrx_word' id='word_1_264' title='bbox 243 2193 266 2233; x_wconf 89' lang='lat'>¹)</span> <span class='ocrx_word' id='word_1_265' title='bbox 290 2192 339 2224; x_wconf 82' lang='lat' dir='ltr'>Cf.</span> <span class='ocrx_word' id='word_1_266' title='bbox 367 2192 414 2223; x_wconf 88' lang='lat' dir='ltr'>IV</span> <span class='ocrx_word' id='word_1_267' title='bbox 437 2193 499 2225; x_wconf 84' lang='lat'>435</span> <span class='ocrx_word' id='word_1_268' title='bbox 516 2192 554 2224; x_wconf 89' lang='lat' dir='ltr'>D.</span> <span class='ocrx_word' id='word_1_269' title='bbox 603 2195 669 2222; x_wconf 85' lang='grc' dir='ltr'>Καὶ</span> <span class='ocrx_word' id='word_1_270' title='bbox 703 2184 738 2222; x_wconf 65' lang='grc' dir='ltr'>εἷ</span> <span class='ocrx_word' id='word_1_271' title='bbox 759 2188 788 2234; x_wconf 69' lang='lat' dir='ltr'>y⁷</span> <span class='ocrx_word' id='word_1_272' title='bbox 824 2192 908 2229; x_wconf 79' lang='grc' dir='ltr'><em>ἴσθί,</em></span> <span class='ocrx_word' id='word_1_273' title='bbox 944 2185 971 2222; x_wconf 70' lang='grc' dir='ltr'><em>ὦ</em></span> <span class='ocrx_word' id='word_1_274' title='bbox 997 2191 1156 2230; x_wconf 53' lang='lat' dir='ltr'>Pluinma),</span> <span class='ocrx_word' id='word_1_275' title='bbox 1193 2189 1331 2236; x_wconf 75' lang='grc' dir='ltr'><em>(ἷκριβῶς</em></span> <span class='ocrx_word' id='word_1_276' title='bbox 1353 2196 1415 2234; x_wconf 76' lang='grc' dir='ltr'>μὲν</span> <span class='ocrx_word' id='word_1_277' title='bbox 1450 2193 1548 2224; x_wconf 74' lang='grc' dir='ltr'><em>τοῦτο</em></span> <span class='ocrx_word' id='word_1_278' title='bbox 1583 2196 1616 2224; x_wconf 79' lang='grc' dir='ltr'>ἐκ</span> 
     </span>
     <span class='ocr_line' id='line_1_32' title="bbox 133 2242 1611 2288; baseline 0.001 -12"><span class='ocrx_word' id='word_1_279' title='bbox 133 2243 292 2277; x_wconf 67' lang='grc' dir='ltr'><em>τοιούτων</em></span> <span class='ocrx_word' id='word_1_280' title='bbox 313 2243 471 2287; x_wconf 73' lang='grc' dir='ltr'><em>μεθόδων</em></span> <span class='ocrx_word' id='word_1_281' title='bbox 502 2246 583 2278; x_wconf 81' lang='grc' dir='ltr'><em>οἵαις</em></span> <span class='ocrx_word' id='word_1_282' title='bbox 611 2245 669 2276; x_wconf 79' lang='grc' dir='ltr'>νῦν</span> <span class='ocrx_word' id='word_1_283' title='bbox 700 2247 736 2276; x_wconf 80' lang='grc' dir='ltr'>ἐν</span> <span class='ocrx_word' id='word_1_284' title='bbox 766 2248 833 2278; x_wconf 78' lang='grc' dir='ltr'><em>τοῖς</em></span> <span class='ocrx_word' id='word_1_285' title='bbox 854 2244 958 2288; x_wconf 76' lang='grc' dir='ltr'><em>λόγοις</em></span> <span class='ocrx_word' id='word_1_286' title='bbox 977 2243 1140 2287; x_wconf 69' lang='grc' dir='ltr'><em>χρώμεθα</em></span> <span class='ocrx_word' id='word_1_287' title='bbox 1186 2242 1222 2277; x_wconf 74' lang='grc' dir='ltr'><em>οὗ</em></span> <span class='ocrx_word' id='word_1_288' title='bbox 1251 2245 1296 2288; x_wconf 84' lang='grc' dir='ltr'>μή</span> <span class='ocrx_word' id='word_1_289' title='bbox 1333 2258 1416 2278; x_wconf 78' lang='grc' dir='ltr'><em>ποτε</em></span> <span class='ocrx_word' id='word_1_290' title='bbox 1447 2244 1611 2288; x_wconf 75' lang='grc' dir='ltr'><em>λάβωμεν·</em></span> 
     </span>
     <span class='ocr_line' id='line_1_33' title="bbox 134 2294 1615 2342; baseline 0.001 -14"><span class='ocrx_word' id='word_1_291' title='bbox 134 2295 216 2329; x_wconf 74' lang='grc' dir='ltr'>ἀλλὰ</span> <span class='ocrx_word' id='word_1_292' title='bbox 237 2295 301 2342; x_wconf 78' lang='grc' dir='ltr'>γὰρ</span> <span class='ocrx_word' id='word_1_293' title='bbox 322 2302 560 2340; x_wconf 76' lang='grc' dir='ltr'><em>μακροτέρα</em></span> <span class='ocrx_word' id='word_1_294' title='bbox 582 2302 636 2329; x_wconf 82' lang='grc' dir='ltr'>καὶ</span> <span class='ocrx_word' id='word_1_295' title='bbox 657 2298 779 2330; x_wconf 77' lang='grc' dir='ltr'><em>πλείων</em></span> <span class='ocrx_word' id='word_1_296' title='bbox 800 2294 892 2331; x_wconf 76' lang='grc' dir='ltr'>ὁδὸς</span> <span class='ocrx_word' id='word_1_297' title='bbox 913 2295 933 2337; x_wconf 84' lang='grc' dir='ltr'><em>ἦ</em></span> <span class='ocrx_word' id='word_1_298' title='bbox 958 2301 1011 2329; x_wconf 80' lang='grc' dir='ltr'>ἐπὶ</span> <span class='ocrx_word' id='word_1_299' title='bbox 1033 2299 1131 2330; x_wconf 76' lang='grc' dir='ltr'><em>τοῦτο</em></span> <span class='ocrx_word' id='word_1_300' title='bbox 1154 2296 1287 2341; x_wconf 71' lang='grc' dir='ltr'><em>ἄγουσα·</em></span> <span class='ocrx_word' id='word_1_301' title='bbox 1314 2301 1390 2332; x_wconf 76' lang='grc' dir='ltr'><em>ἴσως</em></span> <span class='ocrx_word' id='word_1_302' title='bbox 1411 2303 1525 2340; x_wconf 77' lang='grc' dir='ltr'><em>μέντοι</em></span> <span class='ocrx_word' id='word_1_303' title='bbox 1547 2300 1615 2330; x_wconf 73' lang='grc' dir='ltr'>τῶν</span> 
     </span>
     <span class='ocr_line' id='line_1_34' title="bbox 131 2347 1615 2395; baseline -0.001 -12"><span class='ocrx_word' id='word_1_304' title='bbox 131 2364 169 2394; x_wconf 83' lang='grc' dir='ltr'>γε</span> <span class='ocrx_word' id='word_1_305' title='bbox 191 2355 437 2393; x_wconf 75' lang='grc' dir='ltr'><em>προειρημένων</em></span> <span class='ocrx_word' id='word_1_306' title='bbox 458 2364 496 2382; x_wconf 86' lang='grc' dir='ltr'>τε</span> <span class='ocrx_word' id='word_1_307' title='bbox 517 2355 571 2382; x_wconf 85' lang='grc' dir='ltr'>καὶ</span> <span class='ocrx_word' id='word_1_308' title='bbox 593 2355 866 2393; x_wconf 68' lang='grc' dir='ltr'><em>προεσκεμμένων</em></span> <span class='ocrx_word' id='word_1_309' title='bbox 887 2347 984 2387; x_wconf 62' lang='grc' dir='ltr'><em>ἀξίως</em></span> <span class='ocrx_word' id='word_1_310' title='bbox 1016 2353 1048 2383; x_wconf 67' lang='lat' dir='ltr'>et</span> <span class='ocrx_word' id='word_1_311' title='bbox 1070 2352 1117 2383; x_wconf 90' lang='lat' dir='ltr'>VI</span> <span class='ocrx_word' id='word_1_312' title='bbox 1141 2353 1204 2385; x_wconf 82' lang='lat'>504</span> <span class='ocrx_word' id='word_1_313' title='bbox 1221 2352 1256 2386; x_wconf 86' lang='lat' dir='ltr'>B.</span> <span class='ocrx_word' id='word_1_314' title='bbox 1281 2348 1449 2395; x_wconf 61' lang='grc' dir='ltr'><em>Ἐλέγομεν</em></span> <span class='ocrx_word' id='word_1_315' title='bbox 1479 2365 1543 2384; x_wconf 80' lang='grc' dir='ltr'><em>που</em></span> <span class='ocrx_word' id='word_1_316' title='bbox 1564 2349 1615 2383; x_wconf 74' lang='grc' dir='ltr'><em>ὅτι</em></span> 
     </span>
     <span class='ocr_line' id='line_1_35' title="bbox 131 2396 1614 2447; baseline 0.002 -12"><span class='ocrx_word' id='word_1_317' title='bbox 131 2401 174 2438; x_wconf 76' lang='grc' dir='ltr'>ὥς</span> <span class='ocrx_word' id='word_1_318' title='bbox 195 2407 257 2445; x_wconf 76' lang='grc' dir='ltr'>μὲν</span> <span class='ocrx_word' id='word_1_319' title='bbox 279 2401 421 2436; x_wconf 81' lang='grc' dir='ltr'><em>δυνατὸν</em></span> <span class='ocrx_word' id='word_1_320' title='bbox 443 2396 484 2443; x_wconf 70' lang='grc' dir='ltr'>ἦν</span> <span class='ocrx_word' id='word_1_321' title='bbox 505 2403 660 2436; x_wconf 73' lang='grc' dir='ltr'><em>κάλλιστα</em></span> <span class='ocrx_word' id='word_1_322' title='bbox 685 2401 769 2436; x_wconf 71' lang='grc' dir='ltr'>αὐτὰ</span> <span class='ocrx_word' id='word_1_323' title='bbox 792 2403 937 2436; x_wconf 78' lang='grc' dir='ltr'><em>κατιδεῖν</em></span> <span class='ocrx_word' id='word_1_324' title='bbox 960 2401 1039 2444; x_wconf 74' lang='grc' dir='ltr'><em>ἄλλη</em></span> <span class='ocrx_word' id='word_1_325' title='bbox 1061 2409 1302 2447; x_wconf 69' lang='grc' dir='ltr'><em>μακροτέρα</em></span> <span class='ocrx_word' id='word_1_326' title='bbox 1327 2406 1375 2445; x_wconf 77' lang='grc' dir='ltr'>εἴη</span> <span class='ocrx_word' id='word_1_327' title='bbox 1398 2404 1614 2447; x_wconf 73' lang='grc' dir='ltr'><em>περίοδος,</em></span> 
     </span>
     <span class='ocr_line' id='line_1_36' title="bbox 133 2453 1612 2500; baseline 0.002 -14"><span class='ocrx_word' id='word_1_328' title='bbox 133 2453 177 2496; x_wconf 57' lang='grc' dir='ltr'>ἢν</span> <span class='ocrx_word' id='word_1_329' title='bbox 198 2456 410 2499; x_wconf 67' lang='grc' dir='ltr'><em>περιελθόντι</em></span> <span class='ocrx_word' id='word_1_330' title='bbox 431 2457 606 2499; x_wconf 78' lang='grc' dir='ltr'><em>καταφανῆ</em></span> <span class='ocrx_word' id='word_1_331' title='bbox 628 2462 782 2500; x_wconf 71' lang='grc' dir='ltr'><em>γίγνοιτο,</em></span> <span class='ocrx_word' id='word_1_332' title='bbox 813 2458 881 2487; x_wconf 70' lang='grc' dir='ltr'>τῶν</span> <span class='ocrx_word' id='word_1_333' title='bbox 911 2462 1024 2497; x_wconf 74' lang='grc' dir='ltr'><em>μέντοι</em></span> <span class='ocrx_word' id='word_1_334' title='bbox 1049 2459 1243 2499; x_wconf 58' lang='grc' dir='ltr'><em>ἔμπροσθεν</em></span> <span class='ocrx_word' id='word_1_335' title='bbox 1270 2463 1514 2499; x_wconf 51' lang='grc' dir='ltr'><em>προειρημένον</em></span> <span class='ocrx_word' id='word_1_336' title='bbox 1538 2460 1612 2489; x_wconf 74' lang='grc' dir='ltr'><em>ἐπο-</em></span> 
     </span>
    </p>
   </div>
   <div class='ocr_carea' id='block_1_5' title="bbox 133 2506 857 2554">
    <p class='ocr_par' dir='ltr' id='par_1_5' title="bbox 133 2506 857 2554">
     <span class='ocr_line' id='line_1_37' title="bbox 133 2506 857 2554; baseline 0 -13"><span class='ocrx_word' id='word_1_337' title='bbox 133 2514 232 2552; x_wconf 69' lang='grc' dir='ltr'>μέναε</span> <span class='ocrx_word' id='word_1_338' title='bbox 255 2506 436 2548; x_wconf 70' lang='grc' dir='ltr'><em>ἀποδείξεις</em></span> <span class='ocrx_word' id='word_1_339' title='bbox 461 2508 531 2542; x_wconf 82' lang='grc' dir='ltr'><em>οἶόν</em></span> <span class='ocrx_word' id='word_1_340' title='bbox 547 2522 582 2541; x_wconf 83' lang='grc' dir='ltr'>τε</span> <span class='ocrx_word' id='word_1_341' title='bbox 606 2511 654 2551; x_wconf 77' lang='grc' dir='ltr'>εἴη</span> <span class='ocrx_word' id='word_1_342' title='bbox 677 2508 857 2554; x_wconf 78' lang='grc' dir='ltr'><em>προσάψαι,</em></span> 
     </span>
    </p>
   </div>
  </div>
 </body>
</html>
