1786 2742
840 67 892 103 34

125 192 203 229 ulla
239 193 319 229 arte
358 191 454 230 effl'ci
493 194 531 230 et
566 204 700 230 caecae
735 195 932 242 tamquam
972 194 1093 232 menti
1128 194 1259 239 inseri,
1301 194 1367 232 sed
1405 195 1541 232 natura
1574 194 1612 232 in

125 265 351 305 unoquoque
380 255 506 294 animo
533 255 632 294 inest
659 256 855 306 omnisque
884 256 1061 295 scientiae
1090 257 1361 307 comparandae
1388 257 1449 295 via
1476 257 1518 295 in
1544 258 1613 296 hoc

125 332 200 357 uno
238 321 313 358 sita
350 324 408 358 est
445 323 489 359 ut
525 333 634 359 mens
663 333 685 359 a
719 322 830 360 rebus
867 322 977 360 fluxis
1013 334 1057 360 ac
1093 322 1337 361 mutabilibus
1373 325 1526 362 avocata
1564 323 1610 361 ad

125 384 272 422 summi
306 384 407 422 illius
444 384 532 422 boni
560 386 598 423 et
632 385 804 424 idearum
832 385 1085 424 constantiam
1112 385 1335 424 intuendam
1362 388 1612 425 convertatur.

125 448 249 495 Quam
295 450 522 487 sententiam
569 449 675 487 Plato
724 451 905 499 expressit
950 450 1009 488 his
1059 451 1183 489 verbis
1232 450 1321 498 (VII
1355 463 1390 500 p.
1428 451 1505 489 518
1541 451 1612 500 D):

132 505 279 550 Τούτου
312 509 458 559 τοίνυν,
500 502 546 564 ἢν
582 504 717 564 δ’ἑγώ,
764 504 882 552 αὐτοῦ
915 510 1026 565 τέχνη
1067 505 1115 551 ἂν
1150 509 1211 565 εἴη
1246 511 1315 566 τῆς
1351 511 1610 565 περιαγωγῆς,

122 573 210 613 τίνα
237 570 387 626 τρόπον
421 569 475 622 ὦς
511 571 639 629 ρᾷστά
672 590 715 615 τε
752 576 820 615 καὶ
848 569 1126 626 ἀνυσιμώτατα
1151 572 1530 630 μεταστραφήσεται,
1560 570 1610 615 οὗ

121 637 202 677 τοῦ
238 637 503 692 ἐμποιῆσαι
541 632 663 691 αὐτῷ
698 635 751 678 τὸ
787 634 911 690 ὃρᾶν,
953 633 1049 678 ἀλλ’
1089 634 1150 687 ὥς
1193 638 1345 689 ἔχοντι
1381 639 1466 690 μὲν
1501 633 1611 679 αὐτὸ

123 697 203 741 οὐκ
246 696 404 754 ὀρθῶς
446 702 496 742 δὲ
547 703 848 756 τετραμμένῳ
890 697 980 743 οὐδὲ
1029 703 1220 754 βλέποντι
1262 698 1303 743 οἷ
1343 701 1444 752 ἔδει,
1494 703 1610 743 τοῦτο

122 763 510 839 διαμηχανήσασθαι.
571 769 641 806 His
670 769 733 807 ubi
761 769 1040 807 adiunxerimus
1069 780 1165 818 quae
1192 770 1304 818 paulo
1331 769 1428 807 insta
1449 769 1541 818 (519
1562 770 1610 819 A)

124 834 353 880 sequuntur:
382 846 406 883 η
435 826 547 871 ούπω
574 826 796 884 ἐννενόηκας
822 830 899 870 τῶν
925 831 1142 884 λεγομένων
1158 830 1338 885 πονηρῶν
1363 830 1447 881 μέν,
1476 830 1612 885 σοφῶν

121 893 167 933 δὲ
204 889 258 942 ὡς
285 890 402 946 δριμὺ
439 894 513 945 μὲν
538 895 682 946 βλέπει
709 891 755 934 τὸ
785 891 976 948 ψυχάριον
1003 895 1072 935 καὶ
1101 888 1220 944 ὀξέως
1253 894 1368 948 διορᾷ
1393 894 1516 935 ταῦτα
1544 888 1609 949 ἐφ

120 975 146 998 α
174 958 406 1011 τέτραπται,
437 954 497 1007 (ὃς
526 953 575 999 οὗ
604 955 817 1033 φαύλην’
801 975 905 1010 εχον
922 955 1004 1013 τὴν
1022 952 1152 1013 όψιν,
1169 953 1364 1012 κακίᾳδ
1379 973 1610 1013 ηναγκασ-

120 1023 261 1073 μένον
288 1018 556 1076 υπηρετεῖν,
593 1018 693 1062 ὥστε
722 1018 803 1075 ὅσῳ
831 1039 878 1062 αν
906 1018 1082 1075 ὀξύτερον
1108 1024 1250 1076 βλέπῃ,
1280 1019 1455 1075 τοσουτῳ
1483 1022 1610 1062 πλείω

120 1082 226 1125 κακὰ
277 1083 546 1139 ἐργαζόμενον,
596 1089 802 1128 clarissime
851 1089 1013 1128 elucebit
1069 1089 1264 1127 Platonem
1322 1100 1439 1127 unam
1490 1089 1610 1127 dicere

122 1153 318 1197 rationem,
348 1164 454 1201 quae,
476 1156 586 1201 prout
605 1153 717 1191 rebus
739 1154 916 1191 humanis
936 1153 1208 1201 libidinumque
1226 1153 1399 1191 licentiae
1417 1153 1611 1200 indulgeat

121 1211 250 1266 (δόξα)
286 1218 354 1255 aut
389 1216 437 1255 ad
465 1219 637 1256 aeternas
675 1216 847 1256 idearum
876 1216 1016 1255 formas
1045 1216 1349 1266 contemplandas
1379 1228 1418 1255 se
1446 1215 1612 1255 conferat

124 1275 298 1332 (γνώμη),
335 1282 521 1330 optimum
558 1283 625 1320 aut
660 1282 867 1331 pessimum
895 1282 1085 1320 hominem
1113 1281 1256 1320 reddat.
1322 1282 1445 1330 Atque
1473 1281 1534 1319 hic
1562 1293 1609 1319 ne

119 1355 233 1393 quem
276 1344 371 1384 forte
414 1345 547 1383 subeat
588 1345 772 1384 dubitatio
813 1357 905 1384 num
946 1356 990 1383 ea
1032 1356 1127 1394 quae
1164 1345 1209 1383 de
1250 1345 1408 1394 improbi
1445 1345 1607 1383 hominis

121 1409 294 1447 acumine
328 1409 503 1447 dicantur
537 1409 584 1447 ad
623 1403 741 1456 δόξαν
778 1410 999 1458 pertineant,
1035 1410 1220 1447 examinet
1254 1409 1286 1446 is
1315 1409 1540 1454 accuratius,
1575 1409 1607 1447 si

116 1473 254 1521 placet,
291 1472 547 1521 insequentia:
599 1470 724 1509 Τοῦτο
750 1470 897 1520 μέντοι,
941 1462 985 1523 ἦν
1019 1464 1055 1509 δ’
1094 1466 1187 1522 ἐγώ,
1229 1466 1276 1509 τὸ
1316 1470 1385 1523 τῆς
1425 1466 1607 1523 τοιαύτης

119 1530 274 1587 φύσεως
319 1532 355 1574 εἰ
403 1534 448 1574 ἐκ
494 1530 643 1582 παιδὸς
693 1528 812 1582 εὐθὺς
863 1530 1109 1584 κοπτόμενον
1155 1529 1377 1586 περιεκόπη
1422 1529 1494 1581 τὰς
1538 1532 1606 1609 τῆς

116 1598 301 1649 γενέσεως
347 1599 539 1651 ξυγγενεῖς
581 1593 717 1651 ὥσπερ
765 1596 1027 1648 μολυβδίδας,
1072 1595 1120 1637 αἳ
1159 1593 1205 1651 δὴ
1245 1597 1413 1644 ἐδωδαῖς
1453 1612 1496 1636 τε
1536 1597 1603 1636 καὶ

116 1657 306 1702 τοιούτων
341 1657 501 1716 ἡδοναῖς
534 1677 577 1702 τε
614 1662 683 1702 καὶ
730 1660 915 1712 λιχνείαις
961 1664 1181 1734 προσφυεῖς
1222 1656 1442 1714 γιγνόμεναι
1478 1656 1602 1701 κάτω

116 1725 376 1802 στρέφουσι
417 1722 497 1779 τὴν
537 1726 617 1778 τῆς
659 1725 807 1779 ψυχῆς
848 1719 979 1778 όψιν·
1028 1742 1081 1765 ων
1121 1724 1156 1765 εἰ
1198 1720 1427 1778 ἀπαλλαγὲν
1467 1740 1602 1777 περι-

113 1789 368 1843 εστρέφετο
396 1788 465 1837 εἷς
490 1783 691 1842 τάληθῆ,
720 1790 788 1828 καὶ
818 1788 947 1828 ἐκεῖνα
974 1805 1022 1828 αν
1048 1785 1094 1828 τὸ
1122 1783 1216 1828 αὐτὸ
1242 1803 1357 1828 τουτο
1384 1788 1462 1827 τῶν
1478 1782 1604 1827 αυτῶν

112 1847 345 1905 ανθρώπων
382 1847 550 1902 ὀξύτατα
579 1849 692 1906 ἑώρα,
723 1847 860 1906 ὥσπερ
895 1853 963 1892 καὶ
1002 1846 1065 1907 ἐφ’
1100 1869 1127 1892 α
1154 1852 1218 1891 νῦν
1244 1852 1485 1904 τέτραπταις
1512 1865 1601 1892 nam

113 1930 210 1966 quae
249 1913 371 1956 κάτω.
397 1917 612 1970 στρέφουσι
647 1913 716 1969 τὴν
742 1916 811 1969 τῆς
848 1916 974 1968 ψυχῆς
998 1909 1098 1968 ἷίψιν
1125 1920 1163 1955 et
1189 1919 1275 1962 τοῖς
1309 1909 1480 1968 ἀληθέσι
1517 1928 1603 1955 con-

116 1983 233 2021 traria
262 1985 351 2021 sunt
378 1983 597 2032 opinionum
624 1982 704 2021 vice
732 1982 838 2031 fungi
865 1993 975 2021 nemo
1004 1981 1168 2030 negabit.

224 2057 328 2104 Quae
356 2069 444 2095 cum
472 2058 527 2094 ita
555 2058 643 2102 sint,
676 2068 756 2094 una
783 2059 841 2095 est
867 2058 962 2094 ratio
993 2050 1247 2106 (λογιστικόν)
1280 2056 1337 2093 vel
1372 2056 1428 2093 vis
1462 2056 1600 2093 mentis

111 2132 208 2170 quae
244 2122 372 2159 omnia
408 2132 654 2170 quaecunque
700 2122 767 2159 aut
803 2123 892 2159 sunt
925 2122 993 2158 aut
1019 2119 1195 2158 videntur
1237 2121 1305 2157 aut
1340 2118 1496 2158 scientia
1534 2120 1602 2157 aut

110 2185 280 2233 opinione
309 2185 602 2234 comprehendit.
659 2184 814 2229 Eadem,
834 2186 944 2233 prout
971 2195 1030 2222 res
1060 2195 1155 2232 quae
1184 2184 1264 2221 eius
1293 2185 1382 2221 sunt
1409 2182 1599 2221 subiectae

110 2249 311 2297 cognitioni
339 2249 506 2287 diversae
535 2250 636 2296 sunt,
664 2248 746 2298 ipsa
774 2259 920 2297 quoque
940 2248 1083 2286 diverse
1103 2247 1332 2286 nominatur.
1383 2246 1426 2284 In
1445 2246 1600 2284 umbras

108 2313 216 2351 enim
245 2314 303 2351 vel
331 2313 519 2362 imagines
547 2324 675 2351 rerum
703 2324 792 2351 cum
820 2312 965 2351 intenta
993 2314 1060 2357 est,
1100 2307 1241 2357 πίστις
1267 2312 1436 2356 vocatur,
1472 2311 1513 2348 in
1540 2322 1599 2349 res

107 2377 211 2426 ipsas
257 2372 434 2423 εἰκασία,
489 2376 630 2415 formas
683 2376 927 2425 geometricas
979 2376 1186 2425 percipiens
1242 2368 1398 2413 διάνοια
1452 2374 1599 2419 dicitur,

108 2443 287 2479 aeternas
335 2441 494 2490 denique
542 2452 668 2479 rerum
725 2440 865 2490 species
913 2440 1169 2489 contemplans
1222 2433 1400 2490 γνώσεως
1450 2438 1600 2477 nomine

111 2506 332 2553 appellatur.
