1786 2742
886 45 937 82 23

169 174 445 219 timocraticus‚
494 172 715 222 oligarchiae
756 172 1024 221 oligarchicus,
1073 170 1320 210 democratiae
1363 169 1648 218 democraticus,

169 237 622 288 tyrannidivtyrannicuffi
660 238 702 274 ut
727 237 847 282 ‘facile
882 236 1042 285 opineris
1070 248 1143 274 non
1171 237 1324 285 proponi
1351 235 1424 273 nisi
1452 235 1647 282 utriusque

168 301 493 352 comparationem.
550 301 725 339 Attamen
763 311 835 339 non
871 299 1039 338 omisisse
1066 299 1262 338 Platonem
1298 298 1525 338 sententiam
1557 298 1647 336 ante

168 367 238 416 (IV
263 366 343 403 435
371 366 417 414 E)
456 376 669 413 expressam
707 376 781 413 qua
816 365 984 402 civitates
1021 364 1109 402 oriri
1147 375 1189 401 ex
1226 364 1392 401 moribus
1428 365 1466 401 et
1502 363 1646 400 naturis

169 429 308 469 civium
327 429 558 474 dicebantur,
577 427 677 466 unde
695 428 800 466 fieret
818 429 863 466 ut
881 429 971 477 quot
988 427 1183 466 hominum
1209 428 1264 465 tot
1291 426 1486 464 civitatum
1509 437 1647 475 genera

170 495 429 538 nascerentur,
467 495 593 542 aperte
629 492 737 531 docet
771 504 859 531 cum
886 493 1043 541 repetita
1071 492 1236 531 eiusdem
1270 491 1324 530 rei
1353 491 1460 540 (VIII
1490 492 1566 529 544
1596 490 1645 540 Β)

169 557 350 597 memoria
385 558 469 595 tum
496 556 729 595 nobilissima
756 556 820 594 illa
855 555 1015 594 hominis
1053 555 1239 605 tyrannici
1266 555 1473 605 descriptio.
1531 553 1646 593 Cuius

169 623 293 661 indole
327 633 371 659 ac
406 622 572 659 moribus
609 621 805 659 illustratis
840 613 987 669 ‘quodsi
1022 631 1203 668 magnus,
1240 620 1362 668 inquit
1397 619 1451 657 IX
1487 620 1563 658 575
1601 620 1645 665 B,

170 686 283 724 fuerit
307 685 347 723 in
366 685 493 734 aliqua
512 685 661 723 civitate
679 684 891 722 istiusmodi
909 684 1105 722 hominum
1129 694 1320 728 numerus,
1339 683 1377 720 hi
1396 683 1645 733 tyrannidem,

170 750 218 788 ad
246 761 360 798 quam
385 751 520 787 natura
544 750 654 798 plane
681 751 771 787 sunt
797 749 1014 797 comparati,
1039 760 1112 786 non
1139 748 1259 786 solum
1279 747 1317 785 in
1337 747 1440 785 illam
1458 747 1645 791 invehent,

170 813 235 852 sed
263 813 378 852 etiam
406 812 636 851 severissime
664 804 909 850 exercebunt?
956 812 1054 849 Hinc
1082 822 1169 849 cum
1197 811 1279 849 luce
1308 810 1445 849 clarius
1468 812 1647 860 appareat

168 878 208 917 in
236 878 368 917 ceteris
397 889 543 927 quoque
570 877 765 916 civitatum
792 877 1061 926 hominumque
1088 875 1217 914 formis
1253 875 1501 925 exprimendis
1529 875 1647 924 philo-

170 943 328 991 sophum
363 942 402 979 id
443 942 605 979 maxime
644 943 815 979 secutum
857 952 937 979 esse
971 942 1015 978 ut
1055 940 1325 989 rempublicam
1366 950 1555 988 quamque
1599 940 1646 977 ab

169 1006 383 1044 hominibus
420 1006 454 1044 ei
490 1005 662 1044 similiter
698 1004 874 1043 animatis
912 1004 1096 1054 procreari
1133 1004 1247 1042 solere
1288 1003 1481 1053 probaret,
1516 1004 1646 1052 utique

169 1070 290 1107 facere
332 1080 404 1107 non
447 1080 647 1117 possumus
688 1069 778 1117 quin
820 1069 889 1106 hoc
930 1067 1082 1116 quidem
1122 1068 1287 1104 Krohnio
1325 1067 1572 1105 concedamus
1607 1067 1646 1104 in

167 1133 273 1171 libris
309 1132 433 1178 I-IV‚
472 1132 648 1170 VIII-IX
681 1132 959 1182 psychologiam
992 1130 1183 1180 quandam
1211 1131 1341 1169 inesse.
1399 1130 1473 1169 Sed
1500 1130 1645 1179 longius

169 1197 232 1235 ille
260 1197 434 1246 procedit.
483 1195 682 1234 Contendit
709 1196 809 1234 enim
836 1196 932 1234 hanc
959 1195 1236 1244 psychologiam
1263 1206 1336 1233 non
1364 1194 1546 1244 proficisci
1573 1194 1646 1232 nisi

170 1272 193 1298 a
220 1272 346 1299 rerum
381 1261 633 1298 humanarum
670 1271 743 1297 usu
778 1261 890 1308 atque
927 1259 1150 1308 experientia
1187 1270 1308 1307 neque
1345 1259 1424 1296 ulla
1462 1269 1506 1296 ex
1542 1260 1647 1307 parte

170 1335 258 1362 cum
292 1324 508 1362 sublimiore
541 1321 610 1361 τοῦ
638 1314 747 1369 ὄντος
774 1324 812 1361 61
838 1322 1007 1362 idearum
1034 1322 1073 1360 in
1100 1322 1203 1360 libris
1232 1321 1285 1359 VI
1313 1323 1350 1360 et
1377 1321 1448 1359 VII
1476 1321 1644 1359 doctrina

170 1400 251 1427 esse
279 1388 528 1426 coniunctam.
585 1387 691 1435 Quod
724 1399 790 1426 cur
825 1398 899 1425 non
936 1387 1144 1435 largiamur
1176 1386 1336 1424 breviter
1369 1385 1644 1435 explanandum

170 1454 238 1491 est.
294 1453 348 1490 Ac
381 1452 545 1501 primum
582 1451 732 1500 quidem
770 1444 889 1503 φύσιν
924 1461 1038 1500 quam
1072 1450 1263 1488 Krohnius
1301 1449 1416 1488 voluit
1451 1461 1527 1487 non
1564 1460 1644 1487 esse

170 1528 276 1566 posse
315 1516 436 1554 solum
471 1518 583 1564 atque
620 1516 775 1553 unicum
810 1515 917 1564 quasi
944 1515 1234 1553 fundamentum
1268 1514 1329 1552 6111
1364 1514 1524 1552 civitatis
1552 1525 1644 1562 opus

173 1580 348 1618 omnibus
372 1580 537 1618 numeris
562 1580 755 1618 absolutae
781 1579 1070 1628 superstruatur,
1090 1578 1338 1628 superioribus
1364 1577 1487 1616 conati
1512 1588 1644 1616 sumus

170 1644 335 1683 refellere
366 1643 415 1693 (p.
444 1645 524 1694 41).

207 1760 210 1762 ⁴
278 1718 407 1766 Neque
441 1718 550 1755 aliter
582 1717 827 1755 iudicandum
862 1718 920 1754 est
947 1716 992 1755 de
1020 1716 1137 1754 animi
1170 1715 1325 1753 humani
1352 1715 1471 1753 forma
1498 1716 1644 1764 triplici,

171 1793 287 1831 quam
314 1792 388 1819 non
416 1781 541 1819 minus
570 1792 751 1829 negamus
780 1791 802 1818 a
828 1780 1044 1829 philosopho
1076 1779 1131 1817 ita
1166 1780 1318 1817 tantum
1345 1779 1536 1817 inventam
1564 1791 1645 1817 esse

169 1847 215 1884 ut
242 1857 285 1884 ex
314 1845 390 1883 sola
418 1844 579 1883 civitatis
607 1844 850 1883 similitudine
875 1844 983 1892 quasi
1010 1842 1256 1892 effingeretur.
1312 1842 1372 1881 Ita
1400 1843 1501 1881 enim
1530 1854 1645 1892 quam

169 1909 324 1948 ridicule
359 1920 404 1947 ac
439 1919 589 1958 prorsus
630 1908 782 1957 indigne
823 1907 945 1946 divino
981 1907 1128 1956 ingenio
1163 1908 1497 1955 argumentatums
1533 1906 1646 1946 fuerit

170 1974 253 2023 quis
281 1985 355 2012 non
382 1973 508 2011 videt?
563 1973 705 2022 Quippe
741 1973 773 2010 si
800 1972 975 2010 libuisset
1002 1972 1036 2010 ei
1063 1983 1139 2010 non
1166 1974 1254 2017 tres,
1292 1971 1356 2010 sed
1385 1973 1562 2020 quattuor
1588 1972 1646 2010 vel

170 2038 285 2077 etiam
320 2038 445 2087 plures
473 2037 669 2076 instituere
706 2036 854 2075 ordines
882 2036 1055 2080 civitatis,
1091 2047 1210 2074 nonne
1238 2036 1329 2074 item
1357 2035 1472 2074 animi
1500 2047 1646 2085 quoque

170 2102 363 2151 augendus
397 2103 478 2140 erat
512 2101 676 2150 partium
708 2102 917 2139 numerus?
993 2099 1100 2147 Quod
1141 2112 1188 2139 ne
1229 2100 1373 2138 veniret
1399 2100 1578 2149 cuiquam
1604 2100 1645 2138 in

168 2167 347 2212 mentem,
374 2166 432 2204 vir
459 2176 630 2204 summus
658 2165 712 2203 ita
738 2164 899 2214 providit
932 2165 977 2202 ut
1003 2163 1058 2202 IV
1098 2163 1176 2201 435
1218 2163 1253 2201 D
1294 2165 1406 2212 neget
1445 2175 1489 2202 ea
1531 2175 1646 2212 quam

169 2230 360 2278 ingressus
403 2230 452 2268 sit
494 2229 555 2267 via
590 2229 819 2278 tripartitam
855 2228 972 2266 animi
1010 2227 1231 2266 divisionem
1267 2238 1351 2265 vere
1395 2227 1490 2266 effici
1528 2239 1645 2277 posse,

168 2304 378 2343 novamque
405 2293 445 2331 111
472 2304 557 2332 eam
584 2304 664 2332 rem
686 2294 724 2332 et
750 2292 952 2341 longiorem
980 2291 1283 2340 subtilioremque
1311 2291 1527 2341 disputandi
1545 2291 1645 2330 viam

169 2358 345 2407 requirat.
393 2358 523 2407 Neque
544 2358 710 2396 Krohnio
739 2357 967 2396 assentimur
993 2367 1092 2402 cum,
1112 2358 1157 2394 ut
1183 2355 1364 2394 iudicium
1385 2368 1498 2395 suum
1525 2356 1645 2403 magis

170 2422 348 2469 stabiliat,
377 2421 581 2461 secundam
608 2421 726 2460 animi
752 2421 985 2467 facultatem,
1012 2420 1074 2459 cui
1101 2431 1235 2459 nomen
1263 2421 1322 2459 est
1349 2413 1488 2470 θυμός,
1518 2431 1540 2458 a
1568 2419 1645 2457 sola
