1786 2742
819 70 871 106 46

104 196 217 233 unius
246 196 409 233 civitatis
437 197 613 245 exemplo,
643 208 739 245 quae
767 199 971 245 utrumque
1001 198 1115 235 simul
1134 198 1345 246 continet,¹)
1374 198 1592 247 explicatur,

106 258 155 297 ad
184 270 301 309 quam
338 270 469 299 omnes
502 260 573 299 loci
608 271 720 311 supra
757 260 968 300 enumerati
1000 262 1147 311 praeter
1174 272 1293 299 unum
1321 260 1375 299 IV
1402 260 1481 299 420
1510 261 1542 299 Β
1564 260 1593 300 C

106 324 292 361 referendi
313 326 414 361 sunt.
460 324 519 361 Ad
539 325 681 362 exitum
700 337 786 363 vero
805 326 897 363 haec
917 325 1121 374 disputatio
1138 326 1306 374 pervenit
1324 326 1378 363 IV
1397 327 1475 363 443
1496 325 1525 364 C
1543 326 1590 364 D.

107 387 184 425 444
204 389 237 425 A
259 387 302 432 B,
331 388 397 426 ubi
416 389 454 426 et
480 388 648 427 iustitiae
677 390 715 427 et
743 389 951 428 iniustitiae
979 388 1142 428 definitio
1161 400 1206 428 ex
1232 389 1401 428 eiusdem
1428 389 1590 428 civitatis

105 451 269 499 imagine
297 452 489 501 repetitur.
546 452 669 501 L'onge
696 464 782 491 vero
811 453 885 490 alia
917 454 976 491 est
1002 452 1072 491 loci
1100 452 1153 490 IV
1181 453 1260 491 420
1288 453 1320 491 Β
1351 452 1379 491 C
1409 453 1593 492 sententia

107 527 152 554 ac
185 516 292 555 ratio.
356 515 456 554 Nam
492 527 580 554 cum
616 517 729 555 ceteri
766 516 814 555 ad
850 517 952 566 prius
980 518 1247 566 argumentum
1282 517 1504 567 pertineant,
1549 518 1594 556 ut

104 580 273 618 iustitiae
314 582 352 618 et
392 580 598 618 iniustitiae
641 577 820 619 naturam
857 583 1057 629 quaerant,
1100 581 1161 619 hic
1198 583 1300 619 totus
1343 583 1513 620 versatur
1553 581 1591 619 in

104 644 302 693 utriusque
331 645 398 682 aut
424 643 603 683 felicitate
632 646 699 683 aut
726 645 890 690 miseria,
919 656 1014 694 quae
1039 646 1098 683 est
1116 645 1234 683 altera
1254 645 1302 684 ad
1322 645 1593 695 disputandum

105 709 293 757 proposita
312 708 492 757 quaest-io.
548 709 699 747 Etenim
720 709 931 754 Adimanto,
951 709 1168 747 custodibus
1188 709 1386 747 arbitranti
1406 709 1593 747 duriorem

105 772 227 809 vitam
254 772 457 821 minusque
493 772 638 811 felicem
672 784 787 822 quam
823 784 888 822 pro
923 773 1130 811 officiorum
1158 773 1399 811 multitudine
1428 784 1472 811 ac
1499 772 1595 811 diffi-

107 836 249 874 cultate
285 836 498 884 praescribi,
529 836 701 875 Socrates
729 837 928 886 respondet
954 848 1030 874 non
1065 837 1148 875 ideo
1175 837 1223 874 ab
1251 838 1341 886 ipsis
1371 837 1479 875 condi
1507 837 1593 875 civi-

105 886 297 937 tatem⁵ut
323 910 422 938 unus
452 900 587 949 aliquis
625 900 764 938 civium
793 900 879 938 ordo
907 902 1055 950 praeter
1081 901 1222 939 ceteros
1253 900 1384 938 beatus
1412 900 1490 946 fiat,
1526 900 1589 939 sed

106 965 150 1001 ut
190 964 366 1002 universa
407 964 539 1002 civitas
582 976 698 1013 quam
740 964 944 1003 maximam
982 964 1200 1003 felicitatem
1242 966 1508 1014 consequatur;
1551 965 1590 1002 in

105 1028 173 1066 tali
209 1028 310 1066 enim
346 1028 553 1077 republica,
590 1040 685 1077 quae
722 1029 771 1067 sit
805 1029 943 1078 optime
981 1028 1246 1067 administrata
1282 1040 1326 1066 ac
1359 1029 1589 1074 beatissima,

105 1092 222 1130 videri
251 1103 290 1129 se
320 1092 390 1129 sibi
419 1092 594 1130 facillime
622 1093 807 1130 iustitiam
836 1093 1087 1137 inventurum,
1117 1093 1156 1130 in
1184 1093 1283 1131 male
1311 1094 1440 1130 autem
1459 1095 1589 1130 curata

105 1166 149 1194 ac
185 1155 398 1193 miserrima
433 1156 519 1205 (hoc
554 1156 655 1194 enim
689 1156 991 1194 subaudiendum
1027 1167 1107 1194 esse
1136 1157 1332 1194 contextus
1360 1155 1467 1194 docet
1478 1156 1507 1206 ²)
1535 1156 1591 1194 in-

106 1220 312 1263 iustitiam;
357 1222 442 1257 tum
477 1220 639 1269 profecto
679 1221 808 1269 sponte
850 1220 1109 1269 appariturum
1153 1231 1234 1258 esse
1273 1220 1369 1268 quod
1408 1220 1486 1257 iam
1524 1220 1590 1257 diu

108 1284 373 1332 quaesiverint,
409 1286 494 1322 utra
530 1284 606 1322 utri
641 1284 816 1322 utilitatis
845 1295 889 1322 ac
918 1284 1161 1322 beatitudinis
1190 1284 1315 1322 fructu
1343 1284 1590 1322 antecelleret.

218 1443 241 1483 ¹)
264 1442 335 1474 Non
359 1442 552 1474 assentimur
583 1442 726 1474 Krolmio
756 1442 799 1482 (d.
823 1442 866 1482 pl.
890 1441 996 1483 Frage
1019 1452 1049 1482 p.
1074 1442 1105 1482 6)
1133 1442 1320 1482 Platonem,
1353 1452 1423 1473 cum
1454 1442 1590 1474 scribere

104 1496 250 1537 coeperit,
273 1496 436 1528 civitatem
459 1497 592 1527 naturae
614 1496 833 1527 convenienter
855 1498 1033 1527 nascentem
1058 1497 1090 1527 et
1112 1495 1308 1527 mediocriter
1330 1495 1588 1527 administratam

105 1550 279 1590 depingere
301 1549 447 1589 voluisse,
471 1550 657 1581 scribentem
682 1559 754 1580 vero
777 1549 894 1580 sensim
922 1558 956 1580 eo
979 1548 1143 1589 delapsum
1167 1558 1233 1580 esse
1264 1551 1301 1580 ut
1322 1549 1474 1589 optimam
1497 1558 1589 1581 enar—

105 1605 193 1634 raret
215 1602 335 1634 urbem.
380 1602 579 1643 Quamquam
604 1603 688 1633 enim
720 1602 877 1634 iustitiam
908 1604 939 1633 et
962 1602 1153 1634 iniustitiam
1185 1602 1216 1633 in
1247 1601 1354 1634 eadem
1379 1602 1508 1634 civitate
1536 1611 1588 1633 ex-

105 1657 241 1697 primere
264 1656 343 1696 vult,
367 1658 475 1688 tamen
498 1666 569 1687 cum
594 1655 732 1696 perfecta
754 1656 831 1687 iusti
854 1656 972 1696 species
994 1665 1055 1687 non
1078 1656 1179 1695 possit
1201 1655 1261 1686 nisi
1284 1665 1304 1687 a
1326 1655 1454 1687 civitate
1470 1656 1589 1696 optima

104 1712 137 1741 et
159 1710 340 1742 iustissima
371 1712 403 1750 (a
425 1718 488 1750 qua
517 1711 622 1741 tamen
654 1719 692 1740 ne
722 1709 878 1750 iniquitas
907 1708 1033 1750 quidem
1064 1709 1165 1740 omnis
1188 1708 1294 1749 abest,
1323 1709 1370 1741 ita
1400 1711 1437 1741 ut
1464 1709 1590 1741 iustitia

103 1763 269 1803 explorata
298 1763 375 1793 haec
407 1772 530 1803 quoque
559 1762 661 1802 possit
690 1762 794 1802 qualis
822 1762 866 1793 sit
896 1762 1042 1802 perspici)
1070 1762 1185 1802 repeti,
1217 1762 1354 1802 profecto
1384 1762 1521 1793 efficitur
1554 1764 1590 1793 ut

103 1817 145 1849 ab
167 1816 259 1848 initio
283 1815 411 1848 Platoni
434 1815 599 1847 absolutae
629 1815 770 1847 civitatis
800 1814 960 1855 exemplar
988 1814 1190 1847 obversatum
1222 1816 1275 1847 sit.
1321 1815 1357 1847 In
1381 1824 1443 1856 qua
1473 1815 1589 1847 consti-

104 1869 222 1901 tuenda
246 1869 329 1909 quod
353 1869 386 1900 11
409 1870 475 1901 372
492 1869 517 1899 E
541 1868 751 1908 proficiscitur
774 1869 815 1900 ab
837 1878 874 1899 ea
901 1878 981 1908 quae
1004 1868 1114 1900 relicto
1145 1868 1283 1900 naturali
1315 1870 1402 1900 statu
1425 1869 1587 1908 tamquam

104 1922 281 1954 effervescit
307 1924 340 1954 et
371 1932 390 1954 a
413 1922 523 1953 nativa
552 1921 758 1961 simplicitate
788 1920 923 1952 discedit
956 1920 1125 1963 (τρυφῶσα
1147 1919 1266 1962 πόλις),
1300 1921 1380 1953 satis
1413 1922 1496 1953 certe
1528 1920 1592 1952 dici

104 1979 209 2017 potest
237 1986 336 2017 quare
366 1975 398 2008 id
431 1976 478 2007 ita
508 1975 626 2007 fecerit.
671 1975 754 2007 Nam
785 1985 855 2007 cum
888 1975 1068 2015 civitatem,
1101 1977 1138 2007 ut
1173 1985 1270 2016 supra
1298 1974 1509 2015 ostendimus,
1549 1974 1590 2006 ad

105 2030 243 2061 hominis
284 2028 525 2061 similitudinem
573 2028 754 2068 effingeret,
803 2038 878 2060 sane
931 2038 1010 2069 opus
1056 2031 1144 2068 erat,
1198 2029 1257 2060 etsi
1307 2029 1425 2060 iustam
1481 2028 1588 2060 urbem

106 2083 330 2124 adumbrabat,
353 2083 490 2124 primum
513 2081 595 2114 illud
618 2082 732 2114 civium
757 2091 858 2124 genus
881 2081 1032 2114 constitui
1067 2081 1149 2123 quod
1180 2082 1347 2123 cognatam
1379 2081 1510 2114 haberet
1541 2081 1590 2113 in-

106 2137 208 2169 dolem
233 2137 260 2168 ei
283 2137 382 2168 animi
406 2136 491 2176 parti
513 2145 594 2176 quae
616 2135 847 2176 cupiditatibus
870 2135 1083 2167 contineretur
1105 2133 1383 2176 (ἐπιθυμητικόν).

212 2201 237 2240 ⁷¹)
262 2196 414 2242 Ἐροῦμεν
442 2195 506 2242 γὰρ
543 2194 594 2230 ὅτι
625 2194 824 2239 θαυμαστὸν
851 2200 913 2239 μὲν
943 2194 984 2228 ἂν
1015 2193 1110 2229 οὐδὲν
1140 2198 1198 2237 εἴη,
1232 2198 1261 2228 εἰ
1294 2201 1348 2228 καὶ
1372 2188 1460 2229 οὗτοι
1491 2194 1591 2231 οὕτως

106 2250 497 2295 εὐδαιμονέστατοί
525 2254 617 2290 εἰσιν,
644 2248 680 2284 οὗ
707 2248 776 2293 μὴν
797 2248 878 2294 πρὸς
898 2251 997 2284 τοῦτο
1017 2250 1194 2293 βλέποντες,
1215 2248 1278 2292 τὴν
1298 2249 1395 2284 πόλιν
1418 2252 1590 2294 οἰκίζομεν,

104 2304 194 2340 όπίθς
217 2311 253 2337 ἓν
274 2319 307 2337 ’τί
331 2319 409 2347 ημῖν
425 2307 525 2339 ἔθ’νθς
541 2308 635 2336 ἐσται
657 2303 946 2347 ὃιαφέρθντίὶς)
962 2301 1432 2345 evfftupaov,‹1M-'‘oerwcmc
1446 2304 1591 2346 μάλιστα

104 2357 164 2401 ὅλη
188 2356 207 2401 ἦ
231 2358 330 2394 πόλις.
375 2356 579 2401 ῳήθηιιεν
608 2355 685 2402 γὰρ
709 2362 750 2389 ὲι
778 2357 826 2401 τῇ
859 2356 1039 2397 τοιαύτη
1070 2356 1249 2399 μάλιστα
1281 2354 1331 2389 ἂν
1360 2354 1503 2401 εὑρεῖν
1531 2357 1591 2390 8⁴-

103 2427 337 2453 xatoaivrv
359 2427 423 2444 και
447 2427 494 2444 av
517 2416 560 2445 ἐν
581 2412 629 2456 Τῇ
662 2410 841 2443 κάκιστα
872 2424 986 2443 οικο1
993 2425 1092 2455 Ιιένῃ
1124 2407 1307 2450 αδικίιαν
1334 2438 1340 2443 .
1366 2438 1372 2444 .
1395 2409 1592 2444 κατιδον·

103 2482 172 2502 τες
194 2467 238 2500 δὲ
259 2471 403 2510 κρῖναι
434 2463 483 2497 ἂν
520 2480 537 2498 ο
559 2464 689 2498 πάλαι
730 2465 944 2506 ζητοῖμεν.
1001 2465 1059 2496 νῖν
1088 2468 1151 2506 μὲν
1181 2478 1246 2503 ουν,
1271 2461 1313 2498 ὠς
1338 2463 1495 2507 οἰόμεθα,
1519 2462 1593 2505 τὴν

104 2519 344 2564 εὐδαίμονα
368 2519 558 2561 πλάττομεν
582 2546 587 2551 .
613 2546 619 2551 ,
646 2545 652 2551 .
677 2545 683 2550 .
708 2515 823 2550 αὐτίκα
847 2518 884 2550 δὲ
905 2515 982 2557 τὴν
1005 2522 1201 2550 ἐναντίαν
1217 2516 1419 2561 σκεψόμεθα.
