1786 2742
875 48 926 82 47

160 178 293 225 Itaque
321 187 410 214 cum
438 176 479 213 in
505 176 617 213 beata
644 174 794 212 civitate
821 174 977 218 iustitia,
1004 173 1044 210 in
1070 172 1208 210 infelici
1236 172 1455 220 improbitas
1476 172 1638 209 maxime

159 241 347 290 appareat,
377 241 506 288 sponte
534 238 714 287 sequitur,
745 248 833 275 cum
861 237 992 274 civitas
1022 236 1071 273 sit
1090 236 1246 284 amplior
1271 235 1457 284 quaedam
1476 235 1636 272 hominis

162 305 311 352 effigies,
340 305 384 341 ut
409 303 450 341 in
476 303 627 341 homine
655 313 801 350 quoque
829 301 1015 339 fortunato
1045 301 1188 348 sibique
1217 300 1387 338 concordi
1414 299 1568 345 iustitia,
1597 299 1636 336 in

159 368 294 407 misero
330 378 531 416 secumque
566 366 645 416 ipso
684 365 844 404 discordi
880 364 1064 403 iniustitia
1102 364 1270 409 exsistat,
1307 364 1376 408 vel,
1413 365 1457 401 ut
1493 363 1638 401 inverso

161 432 288 470 ordine
315 431 498 476 dicamus,
525 430 617 468 iusti
645 431 757 478 atque
784 429 929 467 honesti
958 428 1125 466 studium
1153 427 1278 466 felices
1306 428 1476 466 homines
1495 427 1637 471 reddat,

161 496 295 534 iniusti
321 494 499 545 pravique
528 504 719 532 summam
747 493 800 531 eis
827 494 972 542 pestem
999 492 1146 530 inferat.

268 560 391 608 Atque
418 560 511 597 haec
539 558 690 607 quidem
719 558 752 595 si
779 559 877 595 recte
912 558 979 594 aut
1011 557 1145 594 saltem
1182 555 1420 604 probabiliter
1447 555 1638 604 disputata

163 625 264 669 sunt,
292 625 418 661 nostro
445 623 524 661 iure
543 622 620 660 iam
640 621 810 660 videmur
828 620 1048 659 contendere
1067 620 1189 658 locum
1222 620 1331 658 illum
1351 619 1403 657 IV
1432 619 1509 657 420
1536 619 1567 656 Β
1597 618 1636 664 C,

163 700 276 737 quem
303 688 411 726 modo
440 687 730 737 explanavimus,
767 688 932 735 spectare
968 684 1119 734 quidem
1147 684 1194 723 ad
1222 686 1395 723 octavum
1423 695 1637 733 nonumque

162 752 312 797 librum,
340 751 405 790 sed
432 751 525 789 falso
553 750 743 800 posteriori
770 749 927 798 tempori
960 760 982 786 a
1009 749 1178 786 Kunerto
1206 748 1377 786 adscribi.
1432 747 1531 785 Nam
1560 748 1638 796 ipso

164 815 344 854 sermonis
382 826 496 853 cursu
531 814 578 852 ad
613 826 701 852 eum
737 813 853 851 oratio
892 813 1055 858 devenit,
1093 815 1131 851 et
1167 812 1197 850 si
1226 824 1246 850 e
1274 812 1479 861 principali,
1507 814 1551 849 ut
1578 812 1638 850 ille

163 879 254 924 vult,
282 878 521 928 Reipublicae
562 877 682 915 forma
709 877 914 921 tolleretur,
942 877 1067 925 procul
1095 876 1206 913 dubio
1234 887 1309 913 non
1338 876 1459 913 solum
1486 878 1639 913 octavus

164 944 202 981 et
229 954 348 981 nonus
377 942 460 980 libri
488 943 617 991 postea
645 941 798 980 demum
826 940 871 978 ad
888 952 980 990 opus
998 940 1209 984 accessisse,
1240 939 1305 978 sed
1331 939 1412 989 ipsa
1440 940 1554 977 etiam
1573 939 1639 977 illa

165 1007 203 1044 ΙΙ
231 1007 441 1045 357-368
462 1018 484 1044 a
505 1005 694 1044 Glaucone
713 1007 751 1043 et
774 1005 974 1043 Adimanto
1001 1004 1101 1042 varie
1130 1004 1346 1053 copioseque
1374 1004 1475 1042 dicta
1504 1004 1640 1052 quibus

166 1070 337 1108 Socrates
373 1070 571 1108 adducitur
605 1072 648 1107 ut
682 1070 720 1107 in
756 1069 921 1107 fructum
957 1070 995 1106 et
1031 1068 1232 1106 utilitatem
1268 1068 1434 1105 iustitiae
1475 1068 1640 1116 inquirat

166 1133 220 1182 (ΙΙ
248 1134 325 1172 367
354 1133 401 1183 Ε)
430 1134 554 1172 omnia
581 1133 780 1182 posteriore
808 1134 972 1181 tempore
992 1132 1085 1170 libro
1105 1132 1150 1170 de
1170 1132 1309 1181 optima
1337 1131 1485 1169 civitate
1505 1132 1640 1180 scripto

164 1198 304 1236 inserta
332 1199 477 1242 essent,
511 1197 564 1235 ita
601 1199 645 1235 ut
681 1197 839 1245 denique
876 1196 921 1235 de
956 1196 1046 1234 iusti
1083 1196 1118 1232 vi
1148 1198 1186 1234 et
1213 1198 1350 1233 natura
1378 1196 1546 1244 quaestio
1574 1207 1640 1233 suo

165 1273 209 1300 ac
250 1262 393 1311 proprio
433 1262 507 1300 fine
549 1261 698 1299 omnino
740 1260 1014 1299 destitueretur.
1084 1259 1161 1298 Nec
1197 1271 1280 1298 vero
1322 1259 1517 1297 Kunertus
1560 1261 1639 1297 tam

160 1336 318 1374 pravum
346 1325 391 1363 de
419 1325 473 1363 eis
517 1336 612 1374 quae
650 1324 701 1362 IV
731 1325 809 1362 420
840 1324 870 1361 Β
900 1323 928 1362 O
969 1324 1145 1372 leguntur
1172 1324 1352 1361 iudicium
1379 1323 1539 1368 fecisset,
1567 1323 1641 1361 nisi

161 1389 286 1438 ipsum
323 1389 477 1427 Politiae
513 1390 777 1437 argumentum
815 1390 853 1427 et
886 1387 1117 1437 propositum
1144 1387 1253 1436 plane
1281 1387 1512 1435 neglexisset.
1569 1386 1641 1435 Qui

161 1464 249 1490 cum
277 1453 325 1490 ad.
354 1452 446 1490 VIII
474 1453 550 1490 545
581 1454 632 1490 A:
676 1449 765 1497 πῶς
792 1464 893 1489 ποτε
920 1444 943 1503 ἡ
971 1442 1141 1502 ἄκρατος
1168 1445 1395 1503 ὄικαιοσυνη
1424 1445 1525 1502 πρὸς
1551 1443 1640 1489 ἅδι-

160 1513 250 1554 κίαν
275 1510 344 1568 τὴν
370 1529 538 1568 ακρατον
567 1513 644 1564 ἔχει
672 1508 920 1564 εὐδαιμονίας
946 1528 988 1552 τε
1022 1512 1116 1566 πέρι
1144 1512 1213 1552 τοῦ
1241 1511 1395 1562 ἔχοντος
1421 1528 1489 1552 και
1518 1507 1639 1553 ἅθλι-

161 1574 297 1632 ὁτητος
324 1581 417 1619 haec
444 1581 599 1618 adnotat
629 1580 677 1629 (p.
707 1581 794 1629 31);
835 1572 1048 1619 ‘Oblitusne
1076 1581 1133 1617 est
1152 1579 1257 1617 Plato
1286 1579 1474 1628 proprium
1502 1579 1642 1627 dialogi

160 1645 384 1682 consilium?
446 1636 658 1692 Επιθυμῶ
687 1637 758 1694 γὰρ
785 1636 953 1681 ἆκοῦσαι
980 1639 1022 1680 τί
1045 1657 1068 1680 τ
1117 1639 1223 1681 ἔστιν
1252 1637 1432 1694 ἑκάτερον
1459 1641 1526 1681 καὶ
1555 1640 1642 1681 τίνα

161 1704 238 1756 {figet
268 1702 430 1757 δύναμιν
464 1700 558 1746 αὐτὸ
591 1700 688 1746 καθ’
727 1701 821 1746 αὑτὸ
859 1702 943 1745 ἐνὸν
980 1704 1020 1745 ἑν
1045 1705 1092 1759 τῇ
1132 1705 1247 1759 ψυχῇ,
1277 1701 1369 1753 τοὺς
1396 1705 1441 1745 δὲ
1468 1701 1643 1756 μισθοὺς

160 1770 228 1809 καὶ
255 1766 305 1809 τὰ
333 1766 538 1823 γιγνόμενα
575 1764 649 1809 ἀπ’
689 1765 814 1809 αὐτῶν
842 1769 958 1809 ἐᾶσαι
985 1768 1131 1819 χαίρειν
1159 1772 1305 1821 saepius
1340 1772 1444 1809 initio
1472 1772 1558 1809 libri
1586 1783 1643 1810 se-

163 1836 276 1874 cundi
306 1836 447 1874 Glauco
476 1838 682 1874 monuerat.
739 1836 846 1874 Unde
874 1836 1050 1874 advolant
1076 1838 1224 1885 repente
1252 1836 1407 1874 felicitas
1433 1838 1545 1885 atque
1573 1836 1644 1873 mi-

161 1900 283 1937 seria?
345 1899 520 1937 Mutatur
553 1900 667 1937 totius
705 1900 790 1937 libri
827 1892 1036 1937 consilium’
1074 1901 1162 1943 etc..
1199 1901 1325 1948 aperte
1364 1899 1453 1947 quid
1494 1899 1643 1937 Platoni

161 1974 341 2012 quaerere
369 1963 600 2013 propositum
620 1963 669 2002 sit
696 1963 846 2001 omnino
874 1964 1014 2002 nescire
1042 1963 1281 2001 convincitur.
1338 1962 1510 2012 Namque
1535 1963 1643 2002 iusti-

161 2027 237 2066 tiae
265 2028 469 2065 utilitatem
497 2028 808 2076 commodumque
827 2038 872 2065 ac
890 2027 1105 2065 felicitatem
1124 2027 1209 2065 inde
1228 2027 1424 2065 oriundam
1452 2028 1490 2065 id
1517 2028 1642 2077 ipsum

161 2103 241 2131 esse
269 2091 364 2141 quod
398 2093 601 2141 quaeratur
629 2091 820 2141 perspicue
848 2091 984 2130 dicitur
1012 2091 1050 2129 II
1079 2091 1155 2129 368
1187 2090 1214 2130 O
1250 2083 1273 2129 ὅ
1290 2104 1333 2130 τε
1361 2081 1426 2129 οὖν
1458 2085 1643 2130 Γλαύκων

159 2154 228 2192 καὶ
258 2151 296 2192 οἳ
323 2146 437 2192 ἄλλοι
474 2153 629 2193 ἐδέοντο
667 2154 789 2192 παντὶ
823 2150 960 2206 τρόπῳ
996 2153 1198 2206 βοηθῆσαι
1225 2154 1294 2192 καὶ
1320 2149 1374 2206 μὴ
1402 2148 1548 2193 ἀνεῖναι
1576 2151 1643 2192 τὸν

159 2211 287 2269 λόγον,
316 2210 416 2257 ἀλλὰ
445 2212 769 2272 διερευνήσασθαι
796 2215 837 2257 τί
863 2217 907 2257 τέ
946 2215 1052 2257 ἐστιν
1081 2212 1262 2270 ἑκάτερον
1296 2217 1381 2257 καὶ
1410 2217 1529 2271 περὶ
1556 2217 1643 2272 τῆς

161 2275 409 2334 ὠφελείας
436 2275 611 2321 αὗτοῖν
637 2275 858 2334 τάληθὲς
885 2282 1113 2334 ποτέρως
1141 2280 1243 2330 ἔχει
1273 2284 1334 2332 (cf.
1362 2284 1401 2322 II
1430 2285 1507 2322 367
1536 2284 1571 2321 D
1601 2285 1641 2322 Ε.

165 2346 243 2385 368
272 2347 305 2384 A
344 2345 383 2385 O.
423 2347 537 2396 alibi).
555 2348 582 2397 1)
649 2346 717 2386 Cui
754 2347 937 2397 proposito
977 2349 1074 2385 certe
1113 2348 1213 2385 nullo
1249 2347 1358 2385 modo
1394 2347 1508 2386 officit
1544 2348 1641 2397 quod

273 2456 298 2494 ¹)
320 2453 408 2485 Idem
432 2455 474 2494 (p.
498 2454 552 2493 36)
576 2455 607 2486 in
632 2454 713 2486 libro
736 2454 855 2486 decimo
877 2455 952 2495 (612
969 2454 1007 2494 B)
1029 2454 1113 2495 quod
1128 2455 1309 2495 quaestione
1325 2454 1362 2486 de
1384 2455 1460 2486 iusti
1483 2458 1514 2487 et
1529 2454 1641 2486 iniusti

165 2507 281 2538 natura
302 2508 336 2539 et
358 2507 498 2539 utilitate
521 2509 648 2548 peracta
671 2508 813 2541 Socrates
837 2509 997 2549 praeterea
1028 2508 1121 2540 etiam
1147 2509 1288 2548 praemia
1309 2510 1406 2549 atque
1428 2508 1559 2540 honores
1582 2506 1638 2539 ho-
