1786 2742
881 74 933 111 50

162 192 279 250 ἡμῖν
299 197 615 276 ἐπέπληξεν
657 191 734 237 ότι
779 194 895 245 τοὺς
940 194 1167 252 φύλακας
1208 213 1293 238 ουκ
1339 193 1651 250 εὐδαίμονας

155 260 427 322 ποιοῦμεν,
467 256 528 310 οἷς
556 257 642 311 ἐξὸν
677 257 810 302 πάντα
839 260 939 312 ἔχειν
964 258 1014 302 τὰ
1041 262 1119 302 τῶν
1154 261 1331 303 πολιτῶν
1364 256 1477 303 οὐδὲν
1504 261 1649 314 ἔχοιεν,-

155 305 278 378 ἡμεῖς
306 326 352 366 δέ
379 341 460 366 που
487 323 653 376 εἴπομεν
680 321 753 374 ὅτι,
782 326 898 366 τοῦτο
924 326 998 377 μὲν
1015 324 1058 366 εἴ
1070 341 1151 366 που
1171 327 1445 380 παραπίπτοι,
1466 326 1651 375 εἰσαῦθις

163 384 416 442 σκεψόμεθα,
443 389 505 429 νῦν
527 389 572 429 δε
593 385 684 437 τοὺς
705 385 885 444 φύλακας
907 386 1086 444 φυλακας
1100 390 1300 441 ποιοῦμεν,
1315 406 1384 445 την
1398 390 1445 431 δὲ
1459 387 1580 431 πόλιν
1596 407 1651 439 ως

163 448 287 494 οἷοίτε
315 449 422 505 εἶμεν
449 448 808 507 εὐδαιμονεστάτην,
838 447 923 494 αλλ’
954 447 1023 494 οὐκ
1050 452 1109 502 εἷς
1135 452 1176 495 ἐν
1204 453 1324 503 ἔθνος
1350 448 1650 506 ἀποβλέποντες

167 532 209 556 εν
236 511 333 571 αὐτῇ
360 518 475 558 τοῦτο
503 511 688 569 εὔδαιμον
715 514 968 569 πλάττωμεν,
1007 521 1096 569 quia
1125 521 1355 570 superiorem
1387 522 1511 560 locum
1539 521 1648 560 modo

161 586 415 622 memoratum
442 584 655 634 respiciant,
684 584 822 635 et1psa
850 586 978 634 postea
1001 596 1024 623 a
1043 584 1198 624 Platone
1226 585 1368 624 inserta
1388 596 1481 624 esse.
1523 586 1649 635 Atque

160 648 221 686 hic
256 649 409 697 quidem
444 649 505 687 1116
541 649 680 687 iterum
722 649 929 698 pugnantia
971 650 1072 698 loqui
1111 650 1351 688 convincitur.
1416 650 1515 688 Nam
1559 661 1647 688 cum

160 712 288 750 locum
316 713 417 751 hunc
445 713 684 762 posteriorem
706 714 818 763 atque
838 713 953 751 etiam
972 715 1094 751 totum
1122 713 1260 751 librum
1279 714 1454 763 quintum
1477 724 1500 752 a
1527 713 1647 763 primo

160 777 328 816 Platonis
366 777 518 816 consilio
556 777 742 816 scribendi
779 778 945 816 alienum
980 789 1060 816 esse
1096 778 1231 816 idcirco
1269 778 1435 827 posuerit
1467 774 1556 827 quia
1599 778 1647 816 ad

161 841 285 889 quarti
314 841 400 879 libri
428 841 580 879 initium
607 841 801 886 referatur,
839 842 922 879 tum
949 852 1081 881 rursus
1120 841 1310 879 existimat
1342 842 1429 879 talis
1465 841 1647 890 pollicita-

159 904 270 942 tionis
313 904 464 954 qualem
506 905 638 943 fecisse
683 916 764 944 sese
800 904 971 943 Socrates
1009 905 1178 950 simulet,
1219 907 1264 943 ut
1299 905 1371 943 alio
1410 907 1575 954 tempore
1609 905 1648 943 111

160 968 361 1007 custodum
396 970 540 1007 statum
578 972 690 1018 atque
731 969 984 1007 condicionem
1024 980 1063 1007 se
1098 969 1369 1018 inquisiturum
1405 969 1647 1018 promitteret,

160 1033 200 1071 in
227 1033 313 1072 libri
342 1033 467 1083 quarti
495 1033 641 1072 exordio
677 1033 826 1072 nullum
863 1033 1019 1072 inveniri
1046 1033 1257 1082 vestigium.
1314 1033 1425 1072 Unde
1459 1034 1491 1073 ei
1519 1035 1646 1083 patere

157 1097 307 1135 videtur
342 1098 423 1135 ideo
452 1099 603 1152 tantum
642 1099 733 1136 haec
762 1099 873 1136 verba
913 1098 1052 1147 scripta
1087 1109 1168 1136 esse
1195 1100 1238 1135 ut
1272 1098 1429 1136 eandem
1468 1110 1548 1136 rem
1579 1097 1645 1146 (sc.

160 1161 361 1200 custodum
389 1161 625 1212 felicitatem)
656 1162 793 1201 iterum
816 1174 839 1200 a
859 1173 898 1200 se
927 1163 1129 1200 tractatam
1158 1173 1239 1200 esse
1267 1161 1490 1201 defenderet.
1539 1161 1646 1210 Quod

158 1225 311 1274 quidem
338 1227 491 1263 tantum
519 1226 627 1263 abest
654 1227 698 1263 ut
726 1226 777 1263 sit
802 1226 878 1263 ullo
910 1225 1020 1263 modo
1058 1226 1166 1263 nobis
1194 1226 1405 1274 probatum,
1443 1227 1487 1263 ut
1515 1228 1646 1263 contra

158 1300 382 1339 persuasum
396 1289 615 1335 habeamus,
625 1290 695 1328 hoc
711 1290 743 1328 si
753 1290 934 1328 voluisset
947 1289 1198 1339 philosophus,
1213 1301 1300 1328 eum
1311 1289 1515 1328 orationem
1529 1289 1645 1328 fuisse

159 1354 213 1391 ita
250 1354 570 1392 conformaturum
613 1355 657 1392 ut
702 1365 853 1391 omnem
889 1354 1054 1391 locorum
1097 1354 1161 1402 qui
1206 1354 1305 1391 inter
1340 1365 1379 1391 se
1422 1354 1647 1393 referrentur

160 1417 455 1467 discrepantiam
492 1417 658 1456 evitaret.
714 1417 951 1456 Facillimum
989 1418 1090 1455 enim
1118 1419 1200 1456 erat
1227 1419 1294 1456 aut
1329 1418 1528 1467 posteriore
1566 1417 1644 1455 loco

158 1482 331 1520 omittere
365 1481 593 1531 promissum
627 1483 695 1520 aut
729 1482 841 1530 priori
870 1481 1016 1519 addere.
1074 1482 1131 1519 Au
1160 1481 1346 1520 credimus
1382 1482 1645 1531 philosophum

157 1557 232 1584 non
259 1545 477 1585 meminisse
505 1547 573 1584 aut
600 1556 751 1584 curasse
780 1545 869 1594 quid
899 1547 1010 1584 antea
1038 1545 1277 1595 scripsisset?

267 1619 341 1659 Sed
368 1620 447 1658 fieri
483 1621 584 1658 nullo
620 1620 729 1659 modo
766 1622 890 1669 potest
918 1620 1025 1669 quin,
1062 1620 1127 1658 ubi
1164 1632 1209 1658 ea
1246 1631 1342 1669 quae
1378 1620 1432 1657 IV
1461 1620 1538 1657 420
1568 1620 1599 1657 Β
1617 1618 1645 1657 O

157 1685 336 1734 leguntur
363 1684 580 1734 diligentius
609 1684 960 1730 examinaverimus,
984 1684 1179 1723 Platonem
1207 1695 1335 1723 revera
1363 1684 1425 1722 illo
1443 1684 1522 1723 loco
1550 1683 1647 1722 indi-

157 1760 263 1788 casse
291 1749 549 1788 existimemus
577 1760 617 1787 se
640 1748 840 1787 custodum
868 1748 1058 1787 fortunam
1084 1750 1214 1798 postea
1241 1748 1531 1787 aestimaturum
1551 1759 1646 1786 esse.

156 1814 309 1853 Etenim
353 1825 441 1852 cum
477 1813 671 1852 Socratem
714 1814 767 1851 sic
809 1813 1023 1862 loquentem
1063 1813 1229 1851 inducit:
1273 1810 1430 1864 ἐροῦμεν
1465 1806 1539 1863 γὰρ
1585 1803 1647 1849 ὅτι

157 1871 391 1926 θαυμαστὸν
424 1874 497 1925 μὲν
524 1868 572 1914 ἷὶν
600 1868 712 1914 οὐδὲν
738 1872 818 1928 εἴη,
852 1873 887 1914 εἰ
916 1874 984 1914 καὶ
1014 1864 1121 1914 οὗτοι
1150 1868 1274 1921 οὕτως
1299 1868 1646 1924 εὐδαιμονέστατοί

156 1937 272 1990 εἰσιν,
309 1941 380 1981 etsi
408 1953 482 1981 non
518 1944 645 1992 aperte
680 1953 720 1980 se
747 1941 899 1980 uberius
933 1941 979 1980 de
1007 1952 1052 1980 ea
1079 1952 1119 1980 re
1148 1940 1404 1991 expositurum
1432 1952 1513 1979 esse
1541 1940 1646 1990 polli-

156 2008 272 2052 cetur,
301 2008 431 2044 tamen
458 2006 567 2044 facile
595 2017 703 2055 posse
731 2005 899 2044 accidere
928 2007 972 2043 ut
997 2005 1090 2043 illud
1116 2005 1338 2044 ostendatur
1361 2004 1464 2042 haud
1492 2005 1646 2043 obscure

156 2070 361 2120 significan
397 2082 518 2120 neque
546 2070 696 2108 omnino
724 2071 875 2109 recusat
902 2081 987 2108 eam
1024 2069 1300 2119 quaestionem,
1329 2068 1414 2115 sed,
1442 2080 1531 2107 cum
1559 2069 1646 2107 ante

155 2135 283 2173 omnia
323 2134 362 2172 id
404 2134 466 2183 agi
507 2134 608 2172 dicat
649 2135 693 2172 ut
733 2136 814 2172 tota
855 2135 947 2172 urbs
990 2144 1105 2182 quam
1145 2133 1362 2171 felicissima
1404 2134 1472 2178 sit,
1507 2132 1645 2170 differri

154 2200 306 2237 tantum
342 2198 500 2238 videtur.
576 2198 777 2237 Praeterea
814 2197 930 2237 etiam
965 2198 1034 2237 hoc
1080 2196 1451 2236 commemorandum
1487 2198 1560 2242 est,
1606 2196 1646 2234 in

154 2263 230 2301 illis
270 2261 319 2311 (V
347 2263 426 2301 465
454 2262 523 2312 E):
565 2255 705 2314 ἡμεῖς
747 2260 799 2300 δέ
841 2275 934 2300 που
974 2256 1183 2310 εἴπομεν
1218 2254 1281 2299 ὅτι
1320 2258 1437 2299 τοῦτο
1476 2258 1567 2309 μὲν,
1612 2255 1654 2297 εἴ

154 2339 236 2364 που
269 2322 552 2377 παραπίπτοι,
592 2322 778 2371 εἰσαῦθις
812 2319 1054 2377 σκεψόμεθα
1088 2322 1168 2363 κτὲ.
1198 2326 1236 2364 et
1263 2325 1340 2363 vim
1369 2323 1644 2374 pollicitationis

153 2390 322 2430 nonnihil
358 2390 552 2430 extenuari
589 2390 743 2429 adiectis
786 2382 834 2429 ‘si
876 2389 971 2429 forte
1007 2390 1239 2429 occasionem
1278 2389 1378 2428 nacti
1420 2378 1573 2428 erimus'
1609 2389 1647 2426 et

154 2457 311 2495 verbum
339 2450 510 2505 εἴπομεν
536 2456 605 2494 1106
632 2456 721 2502 1060,
750 2455 789 2494 id
818 2455 916 2505 quod
945 2467 989 2494 ex
1017 2455 1161 2494 adiecto
1189 2468 1270 2492 που
1297 2454 1544 2503 cognoscitur,
1572 2452 1647 2492 fere

153 2522 192 2559 in
220 2521 380 2571 putandi
408 2521 487 2560 vim
517 2521 624 2560 abire
655 2520 879 2570 (nostrates:
907 2513 987 2558 ‘wir
1012 2520 1201 2566 meinten,
1228 2520 1377 2558 wollten
1405 2510 1566 2568 sagen'),
1594 2518 1649 2556 ita
