1786 2742
236 627 422 685 Platonis
459 658 551 696 opus
598 646 763 683 divinum
806 645 903 694 quod
941 644 1154 682 inscribitur
1192 641 1400 689 Πολιτεία,
1444 655 1515 692 quo
1556 644 1601 681 de

126 710 281 757 iustitia,
318 723 393 749 non
432 711 477 749 de
514 710 663 749 civitate
700 710 942 759 principalem
978 720 1059 747 esse
1096 708 1352 757 quaestionem
1386 707 1529 757 primus
1565 710 1602 745 et

128 763 317 812 extremus
345 775 438 812 liber
465 776 569 812 extra
596 785 746 811 omnem
781 773 1052 810 dubitationem
1085 774 1246 821 ponunt,
1274 773 1313 809 in
1349 772 1443 809 duas
1478 774 1602 820 partes

128 838 316 877 dividitur.
371 838 520 876 Harum
547 837 646 887 prior
672 849 791 887 usque
820 836 868 875 ad
886 838 1060 875 octavum
1086 836 1226 874 librum
1250 835 1410 885 pertinet
1437 846 1481 873 ac
1509 835 1603 873 duas

127 902 289 940 maxime
317 902 584 951 disputationes
613 902 888 950 complectitur:
924 912 1041 938 unam
1078 900 1123 938 de
1151 901 1295 938 iustitia
1323 901 1362 937 in
1390 900 1538 938 civitate
1567 901 1605 937 et

127 965 278 1004 homine
306 976 479 1015 expressa
506 965 732 1011 institutam,
761 964 921 1003 alteram
947 963 986 1002 id
1004 963 1165 1002 maxime
1194 965 1369 1012 agentem
1396 964 1440 1001 ut
1467 963 1603 1012 quibus

126 1030 332 1068 rationibus
369 1030 433 1067 illa
469 1029 623 1078 perfecti
656 1029 816 1067 hominis
845 1040 889 1067 ac
924 1028 1087 1066 civitatis
1124 1028 1263 1077 species
1298 1028 1346 1066 ad
1382 1039 1513 1066 verum
1541 1027 1606 1065 ad-

128 1093 288 1132 ducatur
314 1093 425 1143 idque
453 1104 527 1131 non
554 1104 662 1142 posse
691 1092 762 1131 nisi
781 1092 1081 1142 philosophorum
1107 1092 1147 1130 in
1174 1091 1362 1141 republica
1388 1091 1542 1141 imperio
1568 1093 1606 1130 et

127 1158 276 1196 omnino
303 1158 556 1207 philosophiae
575 1158 765 1197 acerrimis
785 1157 919 1196 studiis
946 1157 1041 1195 effici
1068 1157 1336 1206 comprobetur.
1390 1157 1449 1195 Ab
1477 1158 1605 1195 octavo

127 1220 176 1259 ad
212 1220 401 1259 decimum
436 1221 575 1258 librum
612 1232 707 1258 nova
745 1221 974 1269 disceptatur
1008 1220 1053 1258 de
1085 1220 1248 1258 utilitate
1283 1220 1449 1258 iustitiae
1485 1220 1605 1268 deque

126 1284 331 1323 iniustitiae
358 1285 511 1323 miseria
539 1285 718 1333 quaestio,
746 1285 800 1323 ita
828 1284 978 1333 quidem
997 1285 1041 1322 ut
1068 1285 1246 1333 quattuor
1263 1283 1424 1322 iniustae
1444 1283 1604 1322 civitatis

126 1348 361 1397 hominisque
389 1349 422 1386 ei
450 1348 654 1386 consimilis
683 1348 880 1396 generibus
901 1348 1117 1393 illustretur,
1147 1359 1219 1396 quo
1247 1348 1377 1386 civitas
1405 1350 1472 1385 aut
1497 1349 1607 1385 homo

128 1413 263 1460 aliquis
291 1412 340 1450 ad
366 1412 646 1461 improbitatem
673 1412 868 1461 perfectior
896 1412 1062 1458 exsistat,
1090 1423 1132 1450 eo
1159 1412 1249 1461 ipsis
1281 1411 1522 1462 perniciosius
1550 1411 1609 1449 fu-

127 1476 259 1520 turum
287 1486 378 1513 esse.

237 1538 360 1587 Quam
388 1539 479 1578 artis
507 1550 551 1578 ac
579 1539 854 1589 compositionis
882 1539 1156 1578 considerantes
1192 1539 1500 1589 perspicuitatem
1533 1551 1606 1578 non

127 1614 328 1651 possumus
347 1614 420 1641 non
439 1603 572 1641 offendi
590 1603 804 1642 Krohnium
821 1604 927 1641 libris
952 1600 1037 1642 suis'
1051 1604 1115 1652 qui
1137 1604 1411 1642 inscribuntur:
1434 1597 1514 1643 ‘der
1531 1605 1608 1653 pla-

128 1667 296 1706 tonische
326 1658 447 1705 Staat'
481 1667 589 1706 Halle
626 1667 728 1705 1876
762 1669 799 1706 et
832 1659 905 1706 ‘die
939 1667 1167 1717 platonische
1201 1660 1331 1716 Frage’
1359 1667 1472 1706 Halle
1503 1667 1605 1706 1878

127 1731 265 1769 tradito
293 1732 474 1769 librorum
501 1731 626 1770 ordine
653 1731 822 1770 funditus
858 1743 1029 1781 perverso
1057 1744 1119 1771 eos
1147 1732 1201 1770 ita
1228 1732 1402 1781 legendos
1432 1744 1513 1772 esse
1541 1744 1606 1782 pro

128 1796 227 1833 certo
256 1794 442 1834 affirmare
470 1797 513 1833 ut
540 1796 678 1845 priores
707 1797 887 1844 quattuor
911 1797 1064 1834 octavus
1083 1807 1202 1834 nonus
1230 1796 1396 1834 decimus
1417 1798 1608 1845 sequatur,

129 1859 196 1896 hos
225 1859 379 1907 quintus
409 1860 535 1897 sextus
564 1859 744 1908 septimus
773 1860 963 1908 excipiatl)
1000 1859 1151 1908 (I—IV,
1189 1860 1380 1905 VIII——X,
1416 1860 1605 1909 v--V11).

237 1921 379 1972 Quippe
418 1922 563 1960 videtur
601 1923 634 1961 ei
671 1925 794 1961 totum
830 1934 922 1972 opus
951 1935 1025 1961 non
1054 1924 1230 1961 continua
1258 1935 1367 1973 opera
1395 1924 1607 1962 confectum

134 1988 246 2035 atque
288 1997 362 2024 uno
397 1988 522 2025 tenore
556 1987 821 2036 perscriptum,
858 1987 923 2026 sed
959 1987 1113 2026 diversis
1146 1988 1373 2037 temporibus
1414 1987 1607 2026 frustatim

131 2050 377 2099 compositum
406 2052 444 2089 et
470 2062 535 2100 per
561 2051 665 2089 varia
692 2053 903 2100 temporum
922 2051 1118 2090 intervalla
1146 2052 1185 2089 in
1205 2052 1397 2101 publicum
1423 2052 1608 2091 emissum

130 2126 223 2160 esse,
252 2114 406 2163 eiusque
434 2115 487 2152 rei
516 2115 736 2153 documento
763 2116 887 2153 multa
925 2126 1014 2153 sane
1054 2115 1183 2154 afferre
1212 2116 1357 2154 studuit
1384 2118 1609 2164 argumenta

131 2190 219 2217 cum
246 2190 290 2217 ex
316 2190 443 2218 rerum
471 2179 652 2218 memoria
679 2181 762 2218 tum
791 2191 834 2219 ex
860 2180 978 2230 ipsius
1006 2179 1160 2219 Politiae
1179 2182 1317 2218 natura
1345 2182 1458 2230 atque
1486 2181 1608 2219 indole

129 2243 257 2291 petita.
322 2242 426 2290 Quae
454 2255 542 2281 cum
579 2244 684 2282 nobis
722 2244 777 2283 vir
804 2244 1041 2282 doctissimus
1078 2256 1212 2294 parum
1247 2245 1471 2293 probaverit,
1509 2257 1609 2283 com-

130 2306 311 2344 mentatio
339 2307 466 2344 nostra
500 2307 569 2345 hoc
606 2307 720 2354 habet
746 2308 977 2357 propositum
1005 2310 1048 2345 ut
1076 2319 1119 2345 ea
1146 2308 1317 2357 deinceps
1347 2310 1520 2346 accurate
1549 2320 1608 2346 ex-

131 2370 274 2409 aminet
302 2381 345 2407 ac
374 2370 404 2408 si
432 2370 513 2408 fieri
540 2371 658 2420 possit
684 2371 840 2410 refellat.

241 2509 264 2549 ¹)
288 2508 346 2540 Die
369 2508 568 2549 platonische
591 2508 695 2549 Frage
717 2519 746 2549 p.
774 2509 842 2541 129.
