1786 2742
836 56 884 92 18

113 192 172 219 res
201 181 379 219 varietate
408 182 446 219 et
472 181 726 219 inconstantia
754 182 976 220 laborarent.
1032 181 1105 221 Sed
1135 183 1284 222 etiamsi
1313 183 1381 222 hoc
1410 184 1449 222 in
1478 185 1600 224 medio

113 245 391 294 relinquamus,
429 246 518 294 quia
555 245 750 284 Platonem
783 246 823 284 in
858 247 951 285 ideis
987 259 1122 296 parum
1159 248 1230 286 sibi
1279 250 1448 287 constare
1489 261 1599 287 nemo

117 309 248 353 nescit,
278 311 406 346 tamen
433 309 508 346 ista
534 309 766 347 ratiocinatio
794 311 854 347 vel
889 321 931 347 eo
958 310 1171 348 infirmatur
1197 311 1295 359 quod
1323 312 1483 349 aliarum
1511 323 1601 361 quo-

115 383 187 420 que
215 383 343 410 rerum
371 383 468 421 quae
495 372 619 421 aliquo
646 375 752 411 motu
772 373 964 421 agitantur
981 373 1021 411 in
1040 373 1174 412 Politia
1192 374 1431 413 inveniuntur
1449 376 1599 425 species,

111 437 214 474 velut
248 436 333 474 idea
368 436 569 475 celeritatis
606 431 666 486 (τὸ
702 428 747 474 ὃν
783 430 902 484 τάχος
938 437 1011 474 VII
1048 438 1125 475 529
1160 438 1213 488 D)
1257 440 1295 476 et
1328 439 1517 478 tarditatis
1560 432 1598 491 (ἡ

112 490 211 537 οὖσα
236 494 431 552 βραδίτης
456 501 582 551 ibid.),
611 501 746 549 quibus
782 501 995 539 adiunxisse
1030 501 1174 539 iuvabit
1202 513 1245 540 ex
1272 502 1425 541 Timaeo
1453 503 1517 552 (51
1549 503 1597 553 B)

110 564 207 612 ignis
236 566 275 603 et
304 577 348 603 ex
376 563 526 614 Cratylo
556 565 649 614 (423
679 565 725 615 Ε)
755 565 854 603 vocis
882 565 1090 616 formam1).
1145 565 1295 604 Nullius
1324 566 1484 616 denique
1513 579 1597 606 esse

108 629 294 667 momenti
322 629 497 667 videntur
525 641 621 679 quae
654 629 692 667 in
730 629 804 667 fine
833 630 1171 678 argumentationis
1198 630 1440 670 Krohnianae
1468 631 1599 680 legun—

109 695 193 730 tur:
236 686 337 731 ‘Wie
371 694 476 732 hatte
519 694 601 731 sich
628 693 736 732 Plato
771 693 869 731 auch
906 693 965 731 die
1002 694 1084 732 eine
1112 694 1199 732 Idee
1227 694 1293 732 der
1320 694 1425 733 Seele
1452 695 1598 733 denken

108 757 277 802 konnen,
316 768 421 795 wenn
460 768 500 795 er
533 757 649 802 lehrt,
688 757 769 794 dass
802 757 861 795 die
891 756 1022 795 Gaben
1057 757 1294 796 verschieden
1328 759 1475 797 verteilt
1502 759 1597 804 sind,

108 820 190 858 dass
218 820 277 858 die
306 814 426 872 φύσις
453 821 519 860 der
548 820 654 860 Seele
694 821 763 859 auf
795 822 878 860 weit
905 821 1164 870 fortgehender
1192 822 1508 871 Differenzierung
1535 823 1598 861 be-

106 885 195 922 ruht
205 877 237 922 P'
294 884 411 932 Quasi
440 897 525 923 vero
553 897 629 923 non
656 886 781 923 omnia
809 897 934 924 rerum
963 897 1101 934 genera
1129 898 1173 924 ex
1200 886 1336 935 quibus
1365 886 1471 925 Plato
1492 887 1595 925 ideas

105 949 216 998 fingit
243 949 410 988 diversas
438 961 498 988 res
518 950 745 989 contineant.
801 949 932 999 Neque
954 950 1065 996 enim,
1094 952 1138 989 ut
1157 951 1367 1000 exemplum
1395 950 1593 1000 proferam,

107 1014 196 1062 quia
223 1014 367 1052 multae
396 1015 485 1052 sunt
513 1026 652 1063 eaeque
679 1015 843 1052 maxime
871 1015 968 1052 inter
1000 1026 1040 1053 se
1072 1015 1333 1053 dissentientes
1371 1015 1511 1054 formae
1539 1027 1595 1053 re-

104 1078 449 1127 rumpublicarum,
488 1090 576 1116 cum
611 1078 809 1127 praecipue
844 1078 956 1116 unius
991 1078 1193 1127 imperium
1232 1080 1271 1117 et
1297 1090 1502 1128 paucorum
1530 1079 1594 1117 do-

103 1142 261 1180 minatio
290 1144 328 1181 et
358 1154 508 1181 summa
536 1143 662 1192 populi
689 1144 854 1192 potestas
884 1143 1177 1191 distinguantur,
1204 1142 1339 1182 idcirco
1369 1143 1592 1192 reipublicae

103 1206 187 1244 idea
215 1206 369 1244 tollitur.
424 1206 546 1244 Immo
582 1207 759 1245 omnibus
797 1207 909 1244 rebus
938 1218 1183 1255 quaecunque
1219 1207 1295 1245 sint
1329 1207 1591 1256 philosophum

102 1270 206 1308 ideas
234 1270 410 1309 tribuisse
436 1271 478 1309 in
506 1270 729 1309 Parmenide
757 1270 903 1319 dialogo
933 1270 1026 1320 (130
1055 1271 1103 1322 B)
1134 1282 1303 1320 expresse
1332 1271 1467 1309 dicitur
1479 1271 1519 1321 ²).

215 1429 238 1469 ¹)
260 1428 408 1469 Namque
441 1430 479 1460 nt
507 1429 538 1460 in
569 1428 765 1469 proferendis
798 1428 950 1469 exemplis
985 1438 1078 1460 unam
1112 1429 1318 1469 respiciamus
1347 1428 1586 1469 Rempublicam

102 1482 144 1524 (d.
168 1482 211 1523 pl.
235 1483 289 1515 Fr.
313 1493 342 1523 p.
370 1483 441 1523 165,
467 1483 558 1523 139),
596 1482 672 1523 quia
701 1482 864 1514 Krohnius
900 1482 1039 1523 reliquos
1068 1492 1175 1515 omnes
1205 1481 1367 1523 dialogos,
1396 1492 1587 1523 quamquam

101 1536 306 1576 antiquitatis
329 1536 521 1568 testimoniis
549 1537 583 1567 et
604 1537 731 1568 nostrae
753 1535 869 1568 aetatis
891 1536 1031 1567 virorum
1054 1535 1216 1568 doctorum
1240 1535 1356 1567 iudicio
1379 1535 1509 1568 Platoni
1530 1536 1589 1567 tri-

102 1589 254 1630 buuntur,
285 1589 468 1631 posterioris
499 1589 616 1622 aetatis
646 1599 713 1622 esse
736 1591 841 1631 putat,
872 1600 933 1622 non
963 1589 1052 1631 prius
1074 1588 1108 1621 id
1130 1589 1179 1621 illi
1206 1588 1354 1622 dabimus
1376 1599 1470 1631 quam
1490 1591 1589 1622 teme-

101 1644 217 1675 rariam
242 1644 324 1675 hanc
346 1644 523 1684 opinionem
548 1644 643 1675 certis
665 1654 702 1675 ac
723 1643 824 1674 firmis
847 1643 1023 1675 rationibus
1046 1643 1247 1675 stabiliverit.

210 1707 235 1748 2)
265 1707 313 1738 De
343 1717 455 1739 eorum
484 1707 643 1739 sententia
674 1707 730 1748 qui
762 1708 891 1748 propter
917 1708 1145 1748 argumentum
1177 1706 1263 1738 tertii
1296 1706 1435 1739 hominis
1462 1708 1496 1738 in
1525 1707 1586 1739 hoc

101 1760 225 1802 dialogo
255 1762 447 1801 usurpatum
476 1760 604 1793 Platoni
634 1770 711 1792 eum
742 1760 927 1792 abiudicant
956 1760 995 1792 cf.
1025 1760 1187 1792 Baumker
1214 1760 1294 1792 iiber
1324 1760 1386 1791 den
1416 1760 1586 1801 Sophisten

99 1814 283 1855 Polyxenos
307 1813 403 1855 (Mus.
426 1813 530 1846 Rhen.
553 1813 716 1855 XXXIV)
739 1823 770 1854 p.
795 1813 836 1845 72
859 1823 927 1854 sqq.
965 1813 1004 1845 Id
1026 1814 1263 1854 argumentum,
1287 1813 1372 1854 quod
1393 1814 1427 1844 in
1451 1823 1488 1845 eo
1511 1823 1585 1846 ver-

99 1868 179 1899 titur
207 1868 253 1909 ut,
284 1867 312 1899 si
342 1867 427 1899 notio
457 1867 607 1899 omnibus
637 1867 782 1899 eiusdem
811 1867 936 1908 generis
963 1867 1061 1898 rebus
1090 1867 1270 1898 communis
1299 1868 1336 1898 ut
1363 1867 1438 1899 idea
1465 1876 1523 1908 per
1552 1876 1587 1899 se

99 1922 249 1953 constans
272 1921 312 1953 ab
335 1921 382 1952 eis
405 1921 617 1961 discernatur,
640 1921 718 1952 item
740 1920 872 1952 tertium
888 1920 1048 1961 quoddam
1071 1921 1104 1951 et
1124 1920 1230 1952 ideam
1253 1921 1286 1951 et
1307 1930 1358 1952 res
1382 1921 1411 1951 ei
1433 1922 1585 1962 cognatas

99 1974 315 2015 complectens
337 1974 522 2015 ponendum
544 1983 615 2006 esse
644 1974 740 2015 (quae
762 1974 842 2006 ratio
865 1974 906 2006 ad
928 1973 1067 2006 hominis
1097 1974 1258 2005 notionem
1284 1973 1423 2005 relatum
1455 1974 1586 2005 tertium

100 2027 264 2059 hominem
287 2028 415 2069 praeter
436 2027 586 2059 sensibus
609 2027 793 2059 subiectum
818 2027 953 2068 eiusque
976 2027 1082 2059 ideam
1104 2026 1250 2068 requirit)
1272 2026 1370 2068 idque
1392 2027 1425 2058 in
1448 2027 1586 2059 immen-

97 2091 170 2112 sum
193 2091 320 2122 serpere
344 2081 479 2122 dicatur,
501 2081 570 2122 ipse
585 2081 677 2113 Plato
700 2081 733 2112 in
748 2080 938 2112 Parmenide
961 2080 1085 2122 dialogo
1108 2081 1219 2112 contra
1240 2080 1384 2112 idearum
1404 2080 1582 2112 doctrinam

97 2134 190 2166 affert
211 2134 285 2175 (131
309 2135 334 2166 E
352 2153 393 2156 ——
411 2135 474 2166 132
495 2135 533 2166 Β.
559 2134 621 2166 132
643 2134 672 2166 D
692 2153 732 2157 —
750 2135 812 2166 133
829 2134 869 2175 A)
893 2135 999 2175 atque,
1019 2135 1057 2165 ut
1079 2134 1140 2165 sibi
1162 2133 1292 2175 quidem
1314 2134 1451 2174 videtur,
1474 2135 1586 2174 postea

96 2187 223 2219 refellit.
269 2187 363 2227 Quod
385 2197 449 2229 quo
471 2187 541 2220 loco
564 2187 753 2220 Aristoteles
775 2188 809 2219 in
837 2187 918 2219 ideis
940 2187 1123 2219 iudicandis
1145 2187 1409 2219 commemoraret
1431 2187 1583 2229 (metaph.

95 2241 112 2273 I
135 2242 164 2282 9,
188 2241 251 2274 990
274 2251 293 2274 a
316 2242 412 2283 2-8)
442 2251 518 2273 cum
540 2251 603 2274 non
626 2241 713 2273 idem
735 2251 754 2273 a
775 2240 909 2273 Platone
931 2241 996 2273 iam
1025 2241 1095 2282 ipso
1118 2240 1251 2273 allatum
1275 2250 1313 2273 ae
1335 2240 1491 2272 reiectum
1514 2250 1584 2273 esse

95 2295 305 2336 significaret,
337 2295 568 2337 Ueberwegius
600 2295 908 2336 (Untersuchuugen
941 2295 1021 2327 iiber
1050 2295 1080 2326 d.
1110 2294 1226 2326 Echth.
1256 2305 1288 2327 u.
1319 2294 1471 2336 Zeitfolge
1500 2293 1583 2327 Plat.

94 2348 255 2380 Schriften
286 2359 314 2388 p.
341 2350 400 2380 177
436 2349 536 2389 seqq.)
572 2349 797 2380 Parmenidem
832 2348 994 2388 dialogum
1027 2349 1114 2378 recte
1149 2348 1210 2379 sibi
1239 2347 1367 2379 Platoni
1401 2347 1584 2379 abiudicare

93 2402 185 2434 visus
208 2403 285 2434 erat.
332 2401 448 2434 Contra
469 2401 556 2433 hunc
579 2401 782 2433 Baumkerus
805 2400 971 2433 luculenta
993 2400 1207 2442 disputatione
1231 2400 1312 2432 illud
1334 2400 1419 2431 tertii
1441 2400 1580 2432 hominis

93 2457 262 2488 inventum
295 2456 493 2488 demonstrat
524 2466 587 2488 non
615 2466 635 2488 a
657 2456 790 2488 Platone
820 2456 1010 2496 profectum,
1043 2455 1098 2487 sed
1121 2454 1288 2496 Polyxeno
1310 2455 1482 2495 sophistae,
1510 2455 1584 2496 phi-

94 2509 226 2550 losopho
250 2510 315 2540 fere
346 2509 492 2550 aequali,
523 2509 729 2540 tribuendum
762 2519 841 2540 esse.
887 2509 956 2541 Hoc
987 2518 1137 2553 concesso
1167 2517 1318 2560 apparere
1347 2507 1427 2538 nihil
1454 2517 1585 2548 prorsus
