1786 2742
858 92 909 129 36

140 229 213 257 non
240 229 415 269 possum:
462 212 632 265 Παντός,
661 208 707 270 ἧν
734 209 771 256 δ’
801 212 890 269 ἐγώ,
920 217 1151 270 σπέρματος
1178 217 1273 270 πέρι
1307 211 1332 271 ἢ
1371 217 1512 291 φυτοῦ,
1550 215 1629 258 εἴτε

141 279 300 333 ἐγγείων
326 278 405 320 εἴτε
432 280 510 320 τῶν
538 276 657 329 ζώων,
687 277 801 331 ἴσμεν
836 274 899 320 ὅτι
932 276 979 320 τὸ
1014 279 1069 334 μὴ
1097 277 1210 331 τυχὸν
1243 280 1393 336 τροφῆς
1427 272 1473 336 ἧς
1500 295 1626 356 προσ-

138 340 225 399 ήκει
262 340 416 398 ἑκάστῳ
451 337 543 399 μηδ’
583 338 686 398 ω’ρας
720 343 822 398 μηδὲ
856 339 1002 394 τόπου,
1042 338 1123 398 ὅσῳ
1159 360 1206 384 αν
1241 344 1565 400 ἐρρωμενέστερον
1590 338 1625 400 ᾗ,

137 404 313 462 τοσούτῳ
351 404 546 449 πλειόνων
580 408 682 449 ἐνδεῖ
718 408 797 449 τῶν
832 404 1076 463 πρεπόντων·
1114 402 1261 463 ἀγαθῷ
1297 405 1370 464 γάρ
1398 425 1479 450 που
1506 406 1627 450 κακὸν

139 468 412 526 ἐναντιώτερον
451 466 476 527 ἢ
516 472 574 526 τῷ
613 488 668 527 μη
709 466 866 526 ἇγαθῷ.
936 471 1034 521 Πῶς
1069 466 1105 512 δ’
1135 466 1200 522 οῗῖς
1253 465 1360 523 Ἔχει
1396 470 1461 527 δη,
1501 469 1625 524 οἶμαι,

138 533 257 590 λόγον
291 533 361 591 τὴν
404 530 566 591 ἀρίστην
603 532 723 592 φίσιν
758 536 800 577 έν
833 530 1121 591 ἀλλοτριωτέρᾳ
1163 550 1281 577 ουσαν
1321 536 1447 592 τροφῇ
1487 534 1628 578 κάκιον

137 595 405 641 ἀπαλλάττειν
444 601 514 654 τῆς
556 597 727 674 φαύληςὲ,
777 593 896 650 ²¹Exez.
965 595 1123 650 Οὗκοῦν,
1160 593 1206 654 ἦν
1241 595 1277 641 δ’
1313 597 1401 654 ἐγώ,
1438 618 1471 641 ω
1495 595 1625 641 Adei-

136 679 257 716 μαντε
304 665 373 705 καὶ
408 660 481 713 τὰς
517 661 647 718 ψυχὰς
683 659 784 705 οὕτω
817 664 953 719 φῶμεν
986 660 1058 712 τὰς
1084 658 1350 719 εὐφυεστάτας
1375 664 1500 719 κακῆς
1526 681 1625 705 παι-

137 728 338 782 δαγωγίας
364 725 554 779 τυχούσας
581 724 847 784 διαφερόντως
873 724 1000 777 κακὰς
1027 727 1258 782 γίγνεσθαι,·
1298 722 1323 783 ἢ
1359 726 1435 769 σιἐι
1470 724 1520 769 τὰ
1555 744 1625 780 με-

137 789 239 845 γαλα
273 788 502 846 ἀδικήματα
537 792 607 833 καὶ
641 789 722 865 τὴν.
744 786 915 846 α’κρατον
950 791 1140 846 πονηρίαν
1176 793 1221 832 ἐκ
1250 789 1410 847 φαύλης,
1439 786 1524 832 ἄλλ’
1555 787 1624 833 οὗκ

137 856 183 896 ἐκ
210 856 387 911 νεανικῆς
413 852 569 911 φύσεως
595 856 723 930 τροφῇ
750 856 979 910 διολομένης
1006 855 1225 909 γίγνεσθαι,
1255 851 1406 910 ασθενῆ
1434 856 1479 897 δὲ
1507 853 1625 911 φύσιν

134 917 315 974 μεγάλων
353 936 439 962 ουτε
473 915 641 975 ἀγαθῶν
678 936 765 961 ουτε
801 921 934 961 κακῶν
967 918 1098 961 αἰτίαν
1135 920 1238 961 ποτὲ
1274 919 1466 971 insuffla,-
1519 923 1624 962 Haec

137 987 203 1035 qui
230 988 332 1035 legit,
362 987 498 1036 opinor,
527 988 566 1025 id
594 987 760 1036 primum
790 988 983 1035 intelleget
1011 998 1130 1038 φυσιν
1157 999 1237 1025 esse
1266 999 1338 1025 non
1367 988 1493 1025 minus
1508 999 1623 1036 quam

135 1052 223 1090 ante
242 1050 358 1090 totius
386 1051 565 1089 orationis
593 1050 896 1097 fundamentum,
925 1061 1157 1100 quamquam
1193 1062 1266 1089 non
1295 1062 1425 1089 omnes
1452 1051 1623 1089 omnium

135 1118 293 1153 naturae
330 1117 367 1152 et
400 1116 570 1163 ingenia,
607 1118 646 1153 et
681 1116 818 1153 sutoris
856 1117 893 1153 et
921 1116 1103 1163 agricolae
1132 1117 1170 1153 et
1196 1115 1333 1154 medici
1361 1117 1399 1154 et·
1425 1115 1558 1153 iudicis
1586 1117 1624 1153 et

137 1179 284 1224 militis,
323 1179 387 1217 sed
416 1190 493 1217 una
521 1178 730 1228 philosophi
767 1179 909 1217 indoles
938 1179 1060 1227 qualis
1094 1190 1174 1217 esse
1210 1179 1344 1217 debeat
1384 1179 1424 1216 in
1458 1179 1624 1228 disputa-

135 1243 275 1282 tionem
303 1243 416 1282 venit.
473 1243 618 1282 Deinde
645 1255 694 1282 ne
723 1243 761 1281 id
790 1242 942 1292 quidem
972 1254 1060 1281 eum
1088 1242 1208 1292 fugiet
1236 1242 1334 1292 quod
1360 1242 1515 1281 maximi
1543 1254 1623 1281 mo-

134 1307 253 1343 menti
282 1306 330 1343 ad
359 1306 602 1344 excolendum
640 1308 706 1344 aut
739 1306 1053 1355 corrumpendum
1088 1306 1295 1355 philosophi
1321 1307 1513 1354 ingenium
1542 1318 1622 1344 esse

132 1370 303 1409 educatio
332 1372 399 1408 aut
426 1371 515 1420 apta
543 1372 611 1409 aut
638 1381 752 1420 prava
780 1370 927 1409 dicitur.
984 1369 1181 1408 Praeterea
1199 1369 1403 1419 corporalia
1432 1369 1622 1409 sensibus-

135 1447 207 1484 que
238 1435 407 1473 subiecta
435 1447 509 1472 non
536 1446 620 1473 vere
648 1447 748 1480 esse,
786 1435 850 1473 sed
888 1435 1057 1484 opinione
1091 1436 1242 1474 tantum
1270 1434 1408 1484 percipi
1436 1435 1507 1474 etsi
1534 1434 1619 1473 inde

132 1510 155 1537 a
182 1499 267 1537 libri
296 1498 418 1548 quinti
447 1499 567 1548 capite
595 1499 772 1537 vicesimo
800 1510 975 1548 persaepe
996 1498 1200 1548 exponitur,
1229 1500 1356 1537 tamen
1385 1509 1431 1537 ne
1461 1499 1514 1537 sic
1540 1498 1621 1548 qui-

132 1563 219 1601 dem
247 1565 329 1601 tam
357 1563 461 1612 parvi
489 1562 680 1601 ducuntur
699 1574 814 1612 quam
834 1563 895 1601 ille
923 1564 1043 1612 putat.
1100 1561 1216 1601 Cuius
1244 1562 1298 1602 rei
1317 1562 1539 1601 documento
1564 1565 1622 1602 est

132 1626 230 1676 quod
265 1627 436 1665 omnium
478 1638 574 1676 quae
617 1627 665 1665 ad
706 1626 958 1677 philosophiae
1003 1626 1171 1665 studium
1213 1626 1357 1665 animos
1394 1628 1620 1676 praeparant

130 1693 243 1740 atque
285 1690 488 1729 informant
529 1691 688 1736 artium,
717 1691 994 1736 arithmeticae,
1037 1691 1293 1739 geometricae,
1336 1691 1618 1736 astronomicae,

130 1755 246 1794 etiam
276 1755 324 1793 ad
351 1766 433 1794 rem
452 1755 627 1794 bellicam
648 1755 830 1794 utilitates
859 1757 973 1804 atque
1001 1755 1197 1793 commoda
1224 1755 1450 1793 nominatim
1477 1766 1621 1794 memo-

129 1821 263 1857 rantur
293 1818 354 1868 (cf.
376 1818 449 1857 VII
478 1820 555 1858 522
585 1819 628 1857 E.
658 1819 735 1857 525
766 1819 809 1857 Β.
840 1820 917 1857 526
939 1818 978 1858 C.
1010 1820 1086 1857 527
1115 1819 1178 1869 D).
1236 1818 1334 1867 Quid
1354 1819 1513 1868 denique
1540 1820 1620 1857 tota

130 1884 201 1922 hac
228 1882 462 1934 philosophia
489 1883 593 1921 aliud
621 1884 805 1933 expetitur
833 1883 905 1921 nisi
933 1885 977 1921 ut
1004 1883 1135 1921 civitas
1164 1894 1280 1932 quam
1307 1883 1515 1921 maximam
1534 1893 1621 1921 con-

128 1949 309 1997 sequatur
349 1947 568 1986 felicitatem
610 1947 670 1997 (cf.
715 1947 788 1985 VII
827 1948 902 1985 519
939 1947 970 1985 Ε
1008 1948 1082 1985 521
1124 1948 1155 1985 Δ
1191 1949 1229 1986 et
1265 1947 1342 1986 517
1371 1946 1442 1997 O)?
1513 1946 1618 1995 Quae

129 2023 218 2050 cum
258 2011 313 2050 ita
356 2011 433 2050 sint
472 2011 656 2061 quomodo
698 2011 858 2049 Krohnii
898 2011 1019 2061 opinio
1062 2013 1162 2050 stare
1199 2011 1317 2060 possit
1363 2011 1618 2050 contendentis

128 2076 331 2125 posteriore
359 2076 481 2125 operis
509 2077 615 2125 parte
642 2069 689 2113 τὸ
718 2069 941 2126 γιγνόμενον
960 2077 997 2113 et
1024 2069 1093 2126 τὴν
1121 2068 1240 2126 φύσιν
1267 2075 1455 2113 contemni
1484 2086 1528 2113 ac
1555 2075 1619 2113 de-

130 2140 234 2189 spici,
264 2151 330 2189 ego
359 2151 434 2179 non
462 2139 648 2189 intellego.

234 2215 368 2253 Restat
387 2226 518 2253 unum.
576 2214 678 2253 Dicit
705 2214 806 2253 enim
834 2214 890 2252 vir
909 2214 1040 2252 doctus
1070 2213 1120 2263 (d.
1150 2214 1199 2263 pl.
1220 2213 1275 2252 St.
1295 2225 1330 2263 p.
1354 2214 1429 2251 128
1458 2215 1496 2252 et
1524 2214 1615 2263 144)

126 2279 254 2327 fugere
284 2290 322 2317 se
350 2279 455 2317 illam
483 2290 505 2317 a
524 2278 679 2317 Platone
707 2278 761 2316 IV
789 2278 867 2317 435
888 2278 922 2316 D
951 2278 1254 2317 commendatam
1281 2275 1525 2329 μακροτέραν
1547 2276 1616 2315 καὶ

127 2338 255 2379 πλείω
283 2339 471 2393 περίοδον
498 2342 649 2392 qualem
669 2353 750 2380 esse
771 2342 919 2380 divinus
938 2342 1178 2391 philosophus
1200 2342 1365 2387 voluerit,
1393 2333 1615 2391 praesertim

124 2419 213 2446 cum
258 2406 451 2446 dialectica
489 2418 585 2457 quae
625 2406 771 2445 dicatur
809 2406 952 2446 ratione
993 2405 1160 2455 intellegi
1201 2406 1304 2444 nullo
1341 2405 1451 2444 modo
1487 2405 1615 2455 possit.

124 2471 230 2520 Quod
264 2472 325 2510 his
359 2471 591 2520 argumentis
629 2471 849 2510 confirmare
882 2470 1027 2509 studet:
1071 2470 1116 2508 In
1152 2470 1246 2508 libro
1280 2472 1381 2508 sexto
1419 2469 1616 2509 Platonem

122 2537 230 2575 illam
257 2533 503 2587 μακροτέραν
530 2531 717 2587 περίοδον
744 2537 937 2575 ineuntem
963 2535 1124 2574 incidere
1152 2535 1191 2573 in
1220 2536 1398 2584 quattuor
1425 2534 1490 2573 illa
1517 2545 1614 2584 quae
