1786 2742
832 80 883 116 42

109 208 315 257 Republica
343 207 531 256 gradatim
550 208 754 257 composita
774 208 983 257 opinionem
1008 220 1161 247 necesse
1181 210 1249 255 est,
1276 209 1438 259 profecto
1466 209 1596 249 liceret

109 272 169 310 hic
197 272 406 321 quaestioni
433 273 547 311 finem
582 273 787 321 imponere,
825 273 898 310 nisi
935 276 1171 322 superessent
1206 274 1321 312 etiam
1358 274 1598 313 diiudicanda

109 336 296 385 quaedam
324 347 346 374 a
374 336 538 374 Krohnio
567 338 604 374 et
632 336 802 375 Kunerto
831 336 951 385 (Quae
978 337 1076 375 inter
1103 336 1377 387 Clitophontem
1404 338 1595 386 dialogum

106 402 145 438 et
181 400 346 438 Platonis
382 400 669 450 Rempublicam
705 400 913 439 intercedat
949 401 1195 439 necessitudo.
1259 401 1358 440 Diss.
1389 401 1595 451 GryphiSW.

110 464 229 513 1881)
258 464 303 503 de
322 464 510 502 nonnullis
530 464 686 502 Politiae
712 464 804 502 locis
825 467 892 502 aut
911 475 1039 502 secum
1058 467 1126 503 aut
1153 476 1240 503 oum
1268 467 1345 503 toto
1372 466 1459 503 libri
1487 477 1598 515 argu·
1626 476 1630 480 ·

108 530 234 566 mento
272 539 407 578 parum
444 528 761 567 consentientibus
798 528 999 578 disputata,
1036 540 1132 579 quae
1182 530 1354 578 quamvis
1381 530 1487 579 parvi
1515 542 1596 569 esse

108 593 288 631 momenti
316 592 514 631 credamus
544 592 650 643 (sunt
677 594 779 632 enim
806 595 1079 643 praeoccupata
1106 596 1232 633 mente
1260 606 1328 632 nec
1360 594 1474 633 libero
1501 595 1597 633 iudi-

106 657 161 695 cio
197 658 371 707 scripta),
409 659 555 704 tamen,
594 669 640 696 ne
678 669 814 696 manca
850 658 985 696 evadat
1018 659 1056 697 et
1090 658 1308 708 imperfecta
1343 659 1479 705 oratio,
1521 670 1596 698 non

107 721 281 760 videntur
308 733 390 760 esse
419 721 563 761 silentio
591 722 935 771 praetermittenda.

213 796 408 835 Praeclare
437 797 548 842 enim,
579 799 623 835 ut
650 797 742 835 mihi
781 797 936 842 videtur,
966 798 1102 836 statuit
1130 797 1294 836 Zellerus
1324 797 1376 847 (p.
1406 798 1512 848 470),
1541 798 1596 836 vir

104 871 192 898 cum
222 861 416 898 universae
444 861 699 910 philosophiae
738 873 894 909 graecae
931 864 1015 899 tum
1042 862 1226 910 imprimis
1256 862 1423 900 Platonis
1451 863 1596 900 intelle-

103 924 369 972 gentissimus‚
398 925 553 964 Politiae
583 927 749 964 extrema
779 925 828 974 (X
858 926 935 963 608
966 924 994 963 C
1030 926 1102 975 sq.)
1136 926 1188 964 eis
1218 937 1314 975 quae
1342 926 1382 964 in
1416 926 1595 976 principio

104 988 341 1027 disserantur
381 1001 455 1026 non
493 989 615 1027 solum
662 990 857 1038 aptissime
904 990 1110 1034 convenire,
1155 990 1219 1027 sed
1257 990 1372 1028 etiam
1418 990 1596 1039 quodam-

105 1053 213 1091 modo
242 1053 444 1102 significari
473 1055 586 1104 atque
615 1054 838 1104 praeparari.
904 1053 1011 1093 Unde
1048 1054 1148 1092 enim
1183 1055 1263 1093 tota
1291 1053 1336 1092 de
1364 1054 1530 1093 iustitiae
1558 1054 1595 1093 vi

104 1117 306 1167 disputatio
327 1118 452 1167 capiat
471 1118 630 1163 initium,
660 1120 704 1157 ut
724 1117 914 1168 Cephalus
935 1129 1047 1157 senex
1075 1119 1197 1157 solum
1221 1118 1365 1156 iustum
1393 1119 1594 1168 tranquille

104 1183 302 1231 quieteque
340 1195 420 1221 esse
456 1183 555 1222 diem
593 1195 812 1232 supremum
847 1183 1040 1221 obiturum
1076 1183 1254 1228 affirmet,
1291 1183 1420 1222 eodem
1449 1183 1594 1221 cunctis

104 1246 272 1283 civilibus
308 1247 589 1295 moralibusque
629 1248 909 1295 quaestionibus
937 1247 1098 1295 peractis
1127 1248 1243 1284 oratio
1272 1259 1359 1284 cum
1387 1249 1590 1291 revocetur,

105 1312 143 1349 in
172 1311 266 1349 libro
296 1310 441 1350 decimo
471 1311 571 1361 (inde
591 1323 613 1350 a
634 1312 711 1350 614
734 1311 781 1361 Β)
802 1311 956 1362 proponi
985 1311 1088 1350 illam
1118 1310 1409 1360 grandissimam
1438 1310 1593 1350 extremi

105 1378 190 1424 post
219 1378 377 1413 mortem
406 1376 533 1414 iudicii
561 1377 767 1424 imaginem
797 1388 868 1424 quo
896 1376 986 1413 iusti
1016 1388 1185 1413 summae
1212 1376 1401 1414 felicitatis
1429 1376 1594 1425 praemio

105 1439 328 1484 afficiantur,
359 1439 489 1477 iniusti
518 1439 760 1478 atrocissimis
789 1439 1010 1478 delictorum
1038 1440 1166 1489 poenis
1194 1439 1416 1478 crucientur.
1474 1439 1594 1487 Quem

103 1504 309 1552 primorum
339 1515 427 1541 cum
455 1504 652 1553 postremis
682 1516 862 1542 conexum
892 1506 1108 1552 reputantes
1137 1505 1197 1541 vix
1225 1515 1306 1542 esse
1335 1503 1433 1552 quod
1461 1503 1595 1542 diffite-

103 1578 213 1605 amur
242 1567 436 1606 Platonem
469 1579 561 1617 opus
598 1579 711 1605 suum
748 1570 791 1605 ut
819 1579 939 1605 unum
977 1570 1014 1605 et
1055 1568 1227 1605 omnibus
1263 1567 1433 1616 partibus
1462 1569 1593 1615 aptum

104 1644 147 1671 ac
176 1644 357 1670 conexum
395 1631 551 1671 iudicari
590 1644 633 1671 ac
661 1632 733 1681 legi
772 1632 943 1671 voluisse.
1000 1631 1130 1680 Neque
1158 1631 1194 1669 id
1225 1631 1323 1680 quod
1352 1631 1400 1669 ad
1429 1631 1595 1669 refutan-

104 1696 196 1734 dum
226 1697 411 1734 Zellerum
439 1696 530 1734 dicit
557 1697 749 1734 Krohnius
781 1696 830 1744 (d.
860 1697 910 1745 pl.
941 1696 999 1733 Fr.
1029 1708 1063 1745 p.
1097 1697 1208 1745 129):
1250 1689 1331 1733 ‘Ich
1366 1696 1504 1734 konnte
1531 1707 1594 1743 ge-

103 1760 192 1798 rade
222 1760 437 1808 angesichts
467 1760 587 1798 dieser
614 1761 821 1798 Ansicbten
850 1760 941 1798 iiber
969 1760 1028 1797 die
1052 1759 1249 1807 jenseitige
1269 1759 1499 1808 Vergeltung
1527 1759 1596 1797 auf

102 1824 160 1861 ΙΙΙ
190 1825 267 1861 386
298 1824 329 1861 Β
359 1824 613 1862 aufmerksam
643 1825 822 1868 macheu,
859 1836 912 1861 wo
951 1824 1037 1861 dem
1066 1823 1194 1861 Hades
1222 1824 1280 1861 die
1308 1823 1593 1861 Furchtbarkeit

103 1888 349 1936 abgestritten
387 1888 464 1925 und
501 1888 578 1926 sein
609 1888 713 1925 Preis
750 1887 935 1935 gefordert
972 1887 1078 1932 wird,
1113 1887 1284 1924 wahrend
1313 1887 1380 1924 das
1409 1886 1454 1924 X.
1484 1887 1592 1925 Buch

101 1952 141 1988 in
170 1952 236 1989 der
265 1945 512 1999 &childerung
540 1952 662 1990 seiner
698 1952 891 1998 traurigen
921 1951 1065 1998 Qualen
1095 1942 1283 1998 schwelgt'
1318 1951 1475 1999 probare
1509 1962 1593 2000 pos-

102 2026 246 2053 sumus.
310 2014 440 2064 Neque
478 2015 577 2053 enim
608 2014 645 2052 ΙΙ
674 2015 751 2052 386
781 2014 812 2052 Β
843 2014 887 2053 (16
917 2014 1110 2063 suppliciis
1140 2014 1409 2062 tormentisque
1437 2014 1592 2052 Tartaro

102 2080 361 2119 abiudicandis
391 2080 589 2129 cogitatur,
619 2080 756 2129 quippe
786 2091 881 2128 quae
911 2079 1128 2118 custodibus
1156 2080 1200 2117 ut
1218 2078 1290 2129 piis
1317 2078 1501 2128 iustisque
1529 2079 1593 2117 ho-

101 2144 266 2181 minibus
303 2145 453 2181 omnino
493 2155 567 2181 non
605 2144 680 2181 sint
708 2144 886 2187 timenda,
923 2143 987 2180 sed
1018 2143 1063 2180 de
1091 2143 1257 2180 locorum
1285 2143 1439 2180 terribili
1468 2143 1592 2180 foeda-

101 2220 174 2257 que
203 2208 337 2258 specie,
357 2208 402 2246 de
422 2219 496 2257 qua
516 2219 604 2246 eum
624 2207 714 2246 certi
734 2207 826 2245 nihil
846 2207 1026 2256 explorari
1046 2206 1164 2256 possit
1184 2206 1244 2255 (cf.
1266 2205 1303 2243 II
1333 2206 1409 2244 378
1439 2205 1482 2244 B.
1513 2207 1589 2244 382

100 2273 145 2309 D.
174 2272 231 2308 III
261 2273 335 2309 391
369 2272 410 2309 Ε.
441 2273 518 2309 408
548 2271 604 2320 Ο).
642 2273 819 2309 vetantur
855 2273 983 2319 poetae
1012 2271 1160 2308 inutilia
1190 2271 1301 2309 verba
1337 2270 1460 2308 faeere
1494 2282 1591 2319 quae

100 2336 319 2375 custodibus
349 2347 487 2374 vanum
517 2337 696 2374 terrorem
726 2335 892 2373 iniciant.
951 2334 1056 2383 Quod
1086 2334 1141 2373 ita
1170 2345 1251 2373 esse
1280 2333 1413 2372 docent
1448 2334 1519 2373 loci
1547 2345 1591 2373 ex

99 2400 264 2438 Homero
292 2401 446 2445 laudati,
475 2401 540 2448 qui
569 2402 658 2437 sunt
686 2412 814 2437 omnes
844 2400 1025 2437 eiusmodi
1055 2401 1098 2437 ut
1126 2399 1173 2437 ad
1202 2410 1322 2437 unum
1341 2398 1487 2436 Tartari
1512 2400 1592 2437 tur-

99 2475 187 2514 pem
224 2463 446 2513 tristemque
481 2463 605 2501 visum
640 2463 870 2512 pertineant,
900 2463 945 2501 de
981 2474 1186 2512 poenarum
1215 2462 1410 2500 atrocitate
1439 2462 1590 2500 omnino

101 2531 263 2568 taceant.
