<?xml version="1.0" encoding="UTF-8"?>
<!DOCTYPE html PUBLIC "-//W3C//DTD XHTML 1.0 Transitional//EN"
    "http://www.w3.org/TR/xhtml1/DTD/xhtml1-transitional.dtd">
<html xmlns="http://www.w3.org/1999/xhtml" xml:lang="en" lang="en">
 <head>
  <title>
</title>
<meta http-equiv="Content-Type" content="text/html;charset=utf-8" />
  <meta name='ocr-system' content='tesseract 3.04.00' />
  <meta name='ocr-capabilities' content='ocr_page ocr_carea ocr_par ocr_line ocrx_word'/>
</head>
<body>
  <div class='ocr_page' id='page_1' title='image "4738095_0026.png"; bbox 0 0 1786 2742; ppageno 0'>
   <div class='ocr_carea' id='block_1_1' title="bbox 810 54 859 89">
    <p class='ocr_par' dir='ltr' id='par_1_1' title="bbox 810 54 859 89">
     <span class='ocr_line' id='line_1_1' title="bbox 810 54 859 89; baseline 0 0"><span class='ocrx_word' id='word_1_1' title='bbox 810 54 859 89; x_wconf 90' lang='grc'>10</span> 
     </span>
    </p>
   </div>
   <div class='ocr_carea' id='block_1_2' title="bbox 739 105 956 111">
    <p class='ocr_par' dir='ltr' id='par_1_2' title="bbox 739 105 956 111">
     <span class='ocr_line' id='line_1_2' title="bbox 739 105 956 111; baseline 0 0"><span class='ocrx_word' id='word_1_2' title='bbox 739 105 956 111; x_wconf 95' lang='lat' dir='ltr'> </span> 
     </span>
    </p>
   </div>
   <div class='ocr_carea' id='block_1_3' title="bbox 78 181 1569 1499">
    <p class='ocr_par' dir='ltr' id='par_1_3' title="bbox 78 181 1569 1499">
     <span class='ocr_line' id='line_1_3' title="bbox 81 181 1568 229; baseline 0.001 -13"><span class='ocrx_word' id='word_1_3' title='bbox 81 183 276 228; x_wconf 80' lang='lat' dir='ltr'>proponat,</span> <span class='ocrx_word' id='word_1_4' title='bbox 326 181 390 217; x_wconf 87' lang='lat' dir='ltr'>sed</span> <span class='ocrx_word' id='word_1_5' title='bbox 436 181 482 218; x_wconf 92' lang='lat' dir='ltr'>de</span> <span class='ocrx_word' id='word_1_6' title='bbox 526 181 728 218; x_wconf 84' lang='lat' dir='ltr'>mulierum</span> <span class='ocrx_word' id='word_1_7' title='bbox 772 181 1098 219; x_wconf 75' lang='lat' dir='ltr'><strong>exercitationibus</strong></span> <span class='ocrx_word' id='word_1_8' title='bbox 1141 181 1388 229; x_wconf 84' lang='lat' dir='ltr'>gymnasticis</span> <span class='ocrx_word' id='word_1_9' title='bbox 1427 181 1568 218; x_wconf 86' lang='lat' dir='ltr'>iniecta</span> 
     </span>
     <span class='ocr_line' id='line_1_4' title="bbox 82 242 1567 296; baseline 0.001 -14"><span class='ocrx_word' id='word_1_10' title='bbox 82 242 270 283; x_wconf 76' lang='lat' dir='ltr'>mentione</span> <span class='ocrx_word' id='word_1_11' title='bbox 307 243 467 284; x_wconf 88' lang='lat' dir='ltr'>comicos</span> <span class='ocrx_word' id='word_1_12' title='bbox 496 254 543 284; x_wconf 93' lang='lat' dir='ltr'>ne</span> <span class='ocrx_word' id='word_1_13' title='bbox 571 243 651 284; x_wconf 87' lang='lat' dir='ltr'>risu</span> <span class='ocrx_word' id='word_1_14' title='bbox 677 243 831 296; x_wconf 84' lang='lat' dir='ltr'>indigna</span> <span class='ocrx_word' id='word_1_15' title='bbox 858 243 1060 285; x_wconf 75' lang='lat' dir='ltr'>traducant</span> <span class='ocrx_word' id='word_1_16' title='bbox 1086 253 1246 285; x_wconf 87' lang='lat' dir='ltr'>monere.</span> <span class='ocrx_word' id='word_1_17' title='bbox 1306 243 1440 296; x_wconf 88' lang='lat' dir='ltr'>Itaque</span> <span class='ocrx_word' id='word_1_18' title='bbox 1468 243 1567 284; x_wconf 86' lang='lat' dir='ltr'>eius·</span> 
     </span>
     <span class='ocr_line' id='line_1_5' title="bbox 81 309 1567 358; baseline 0.001 -12"><span class='ocrx_word' id='word_1_19' title='bbox 81 309 183 346; x_wconf 90' lang='lat' dir='ltr'>modi</span> <span class='ocrx_word' id='word_1_20' title='bbox 203 309 354 356; x_wconf 89' lang='lat' dir='ltr'>quidem</span> <span class='ocrx_word' id='word_1_21' title='bbox 373 310 524 347; x_wconf 90' lang='lat' dir='ltr'>vocibus</span> <span class='ocrx_word' id='word_1_22' title='bbox 544 310 614 347; x_wconf 89' lang='lat' dir='ltr'>etsi</span> <span class='ocrx_word' id='word_1_23' title='bbox 633 312 760 358; x_wconf 89' lang='lat' dir='ltr'>poetas</span> <span class='ocrx_word' id='word_1_24' title='bbox 780 310 1082 358; x_wconf 85' lang='lat' dir='ltr'>philosophorum</span> <span class='ocrx_word' id='word_1_25' title='bbox 1102 311 1267 354; x_wconf 86' lang='lat' dir='ltr'>inventa,</span> <span class='ocrx_word' id='word_1_26' title='bbox 1296 321 1392 358; x_wconf 87' lang='lat' dir='ltr'>quae</span> <span class='ocrx_word' id='word_1_27' title='bbox 1412 310 1567 357; x_wconf 90' lang='lat' dir='ltr'>quidem</span> 
     </span>
     <span class='ocr_line' id='line_1_6' title="bbox 81 370 1567 421; baseline 0.001 -13"><span class='ocrx_word' id='word_1_28' title='bbox 81 370 239 408; x_wconf 87' lang='lat' dir='ltr'>ridicula</span> <span class='ocrx_word' id='word_1_29' title='bbox 284 371 515 417; x_wconf 87' lang='lat' dir='ltr'>viderentur,</span> <span class='ocrx_word' id='word_1_30' title='bbox 558 382 668 421; x_wconf 86' lang='lat' dir='ltr'>saepe</span> <span class='ocrx_word' id='word_1_31' title='bbox 711 372 920 421; x_wconf 83' lang='lat' dir='ltr'>exagitasse</span> <span class='ocrx_word' id='word_1_32' title='bbox 966 372 1102 417; x_wconf 86' lang='lat' dir='ltr'>elucet,</span> <span class='ocrx_word' id='word_1_33' title='bbox 1145 373 1274 410; x_wconf 87' lang='lat' dir='ltr'>tamen</span> <span class='ocrx_word' id='word_1_34' title='bbox 1308 371 1477 410; x_wconf 86' lang='lat' dir='ltr'>Platonis</span> <span class='ocrx_word' id='word_1_35' title='bbox 1521 371 1567 410; x_wconf 91' lang='lat' dir='ltr'>de</span> 
     </span>
     <span class='ocr_line' id='line_1_7' title="bbox 85 436 1567 486; baseline 0.001 -12"><span class='ocrx_word' id='word_1_36' title='bbox 85 436 306 475; x_wconf 89' lang='lat' dir='ltr'>mulieribus</span> <span class='ocrx_word' id='word_1_37' title='bbox 335 436 515 486; x_wconf 88' lang='lat' dir='ltr'>bonisque</span> <span class='ocrx_word' id='word_1_38' title='bbox 543 437 805 476; x_wconf 91' lang='lat' dir='ltr'>communibus</span> <span class='ocrx_word' id='word_1_39' title='bbox 833 437 1044 476; x_wconf 82' lang='lat' dir='ltr'>doctrinam</span> <span class='ocrx_word' id='word_1_40' title='bbox 1071 437 1110 476; x_wconf 92' lang='lat' dir='ltr'>in</span> <span class='ocrx_word' id='word_1_41' title='bbox 1129 449 1265 477; x_wconf 88' lang='lat' dir='ltr'>scaena</span> <span class='ocrx_word' id='word_1_42' title='bbox 1282 437 1435 475; x_wconf 85' lang='lat' dir='ltr'>irrisam</span> <span class='ocrx_word' id='word_1_43' title='bbox 1452 437 1567 476; x_wconf 89' lang='lat' dir='ltr'>fuisse</span> 
     </span>
     <span class='ocr_line' id='line_1_8' title="bbox 82 499 1566 551; baseline 0.001 -14"><span class='ocrx_word' id='word_1_44' title='bbox 82 500 137 538; x_wconf 91' lang='lat' dir='ltr'>eis</span> <span class='ocrx_word' id='word_1_45' title='bbox 166 500 267 537; x_wconf 90' lang='lat' dir='ltr'>nullo</span> <span class='ocrx_word' id='word_1_46' title='bbox 295 500 405 538; x_wconf 91' lang='lat' dir='ltr'>modo</span> <span class='ocrx_word' id='word_1_47' title='bbox 434 499 627 539; x_wconf 80' lang='lat' dir='ltr'>evincitur.</span> <span class='ocrx_word' id='word_1_48' title='bbox 693 500 815 539; x_wconf 88' lang='lat' dir='ltr'>Immo</span> <span class='ocrx_word' id='word_1_49' title='bbox 852 501 938 539; x_wconf 92' lang='lat' dir='ltr'>inde</span> <span class='ocrx_word' id='word_1_50' title='bbox 977 500 1075 550; x_wconf 92' lang='lat' dir='ltr'>quod</span> <span class='ocrx_word' id='word_1_51' title='bbox 1102 501 1143 539; x_wconf 90' lang='lat' dir='ltr'>in</span> <span class='ocrx_word' id='word_1_52' title='bbox 1179 512 1223 539; x_wconf 89' lang='lat' dir='ltr'>ea</span> <span class='ocrx_word' id='word_1_53' title='bbox 1254 502 1361 551; x_wconf 88' lang='lat' dir='ltr'>parte</span> <span class='ocrx_word' id='word_1_54' title='bbox 1388 500 1566 539; x_wconf 86' lang='lat' dir='ltr'>orationis</span> 
     </span>
     <span class='ocr_line' id='line_1_9' title="bbox 81 563 1566 613; baseline 0.001 -12"><span class='ocrx_word' id='word_1_55' title='bbox 81 574 156 612; x_wconf 89' lang='lat' dir='ltr'>qua</span> <span class='ocrx_word' id='word_1_56' title='bbox 198 563 244 602; x_wconf 93' lang='lat' dir='ltr'>de</span> <span class='ocrx_word' id='word_1_57' title='bbox 287 564 488 602; x_wconf 84' lang='lat' dir='ltr'>mulierum</span> <span class='ocrx_word' id='word_1_58' title='bbox 532 565 793 604; x_wconf 89' lang='lat' dir='ltr'>communione</span> <span class='ocrx_word' id='word_1_59' title='bbox 836 565 963 613; x_wconf 87' lang='lat' dir='ltr'>agitur</span> <span class='ocrx_word' id='word_1_60' title='bbox 1004 564 1214 603; x_wconf 87' lang='lat' dir='ltr'>comoediae</span> <span class='ocrx_word' id='word_1_61' title='bbox 1256 565 1327 603; x_wconf 90' lang='lat' dir='ltr'>ioci</span> <span class='ocrx_word' id='word_1_62' title='bbox 1367 575 1415 603; x_wconf 90' lang='lat' dir='ltr'>ne</span> <span class='ocrx_word' id='word_1_63' title='bbox 1455 565 1566 603; x_wconf 89' lang='lat' dir='ltr'>verbo</span> 
     </span>
     <span class='ocr_line' id='line_1_10' title="bbox 82 627 1566 678; baseline 0.001 -13"><span class='ocrx_word' id='word_1_64' title='bbox 82 627 236 676; x_wconf 90' lang='lat' dir='ltr'>quidem</span> <span class='ocrx_word' id='word_1_65' title='bbox 271 630 497 677; x_wconf 88' lang='lat' dir='ltr'>tanguntur,</span> <span class='ocrx_word' id='word_1_66' title='bbox 531 640 619 666; x_wconf 89' lang='lat' dir='ltr'>cum</span> <span class='ocrx_word' id='word_1_67' title='bbox 658 630 786 668; x_wconf 90' lang='lat' dir='ltr'>tamen</span> <span class='ocrx_word' id='word_1_68' title='bbox 813 628 1042 667; x_wconf 84' lang='lat' dir='ltr'>feminarum</span> <span class='ocrx_word' id='word_1_69' title='bbox 1072 640 1165 667; x_wconf 90' lang='lat' dir='ltr'>usus</span> <span class='ocrx_word' id='word_1_70' title='bbox 1193 628 1427 678; x_wconf 89' lang='lat' dir='ltr'>promiscuus</span> <span class='ocrx_word' id='word_1_71' title='bbox 1455 630 1566 667; x_wconf 89' lang='lat' dir='ltr'>antea</span> 
     </span>
     <span class='ocr_line' id='line_1_11' title="bbox 80 692 1567 743; baseline 0.001 -13"><span class='ocrx_word' id='word_1_72' title='bbox 80 692 291 741; x_wconf 88' lang='lat' dir='ltr'>propositus</span> <span class='ocrx_word' id='word_1_73' title='bbox 335 692 517 731; x_wconf 89' lang='lat' dir='ltr'>maiorem</span> <span class='ocrx_word' id='word_1_74' title='bbox 562 695 661 732; x_wconf 90' lang='lat' dir='ltr'>certe</span> <span class='ocrx_word' id='word_1_75' title='bbox 704 693 849 732; x_wconf 89' lang='lat' dir='ltr'>ridendi</span> <span class='ocrx_word' id='word_1_76' title='bbox 883 694 1084 732; x_wconf 87' lang='lat' dir='ltr'>materiam</span> <span class='ocrx_word' id='word_1_77' title='bbox 1121 693 1329 743; x_wconf 90' lang='lat' dir='ltr'>praeberet,</span> <span class='ocrx_word' id='word_1_78' title='bbox 1366 692 1567 732; x_wconf 81' lang='lat' dir='ltr'>verisimile</span> 
     </span>
     <span class='ocr_line' id='line_1_12' title="bbox 79 756 1565 806; baseline 0.001 -13"><span class='ocrx_word' id='word_1_79' title='bbox 79 756 160 793; x_wconf 91' lang='lat' dir='ltr'>fieri</span> <span class='ocrx_word' id='word_1_80' title='bbox 193 758 372 804; x_wconf 88' lang='lat' dir='ltr'>putamus</span> <span class='ocrx_word' id='word_1_81' title='bbox 409 768 481 805; x_wconf 92' lang='lat' dir='ltr'>quo</span> <span class='ocrx_word' id='word_1_82' title='bbox 518 758 683 806; x_wconf 88' lang='lat' dir='ltr'>tempore</span> <span class='ocrx_word' id='word_1_83' title='bbox 719 757 811 795; x_wconf 92' lang='lat' dir='ltr'>liber</span> <span class='ocrx_word' id='word_1_84' title='bbox 846 757 878 794; x_wconf 94' lang='lat' dir='ltr'><strong>V</strong></span> <span class='ocrx_word' id='word_1_85' title='bbox 907 757 1068 806; x_wconf 90' lang='lat' dir='ltr'>scriptus</span> <span class='ocrx_word' id='word_1_86' title='bbox 1108 757 1157 795; x_wconf 91' lang='lat' dir='ltr'>sit</span> <span class='ocrx_word' id='word_1_87' title='bbox 1184 756 1459 795; x_wconf 85' lang='lat' dir='ltr'>Ecclesiazusas</span> <span class='ocrx_word' id='word_1_88' title='bbox 1487 756 1565 794; x_wconf 88' lang='lat' dir='ltr'>iam</span> 
     </span>
     <span class='ocr_line' id='line_1_13' title="bbox 78 819 1566 870; baseline 0.001 -12"><span class='ocrx_word' id='word_1_89' title='bbox 78 819 189 858; x_wconf 87' lang='lat' dir='ltr'>datas</span> <span class='ocrx_word' id='word_1_90' title='bbox 223 819 349 859; x_wconf 88' lang='lat' dir='ltr'>fuisse.</span> <span class='ocrx_word' id='word_1_91' title='bbox 422 820 521 869; x_wconf 83' lang='lat' dir='ltr'>Quid</span> <span class='ocrx_word' id='word_1_92' title='bbox 557 821 659 860; x_wconf 91' lang='lat' dir='ltr'>enim</span> <span class='ocrx_word' id='word_1_93' title='bbox 701 832 745 860; x_wconf 88' lang='lat' dir='ltr'>ea</span> <span class='ocrx_word' id='word_1_94' title='bbox 780 833 827 860; x_wconf 90' lang='lat' dir='ltr'>ne</span> <span class='ocrx_word' id='word_1_95' title='bbox 867 821 1078 860; x_wconf 86' lang='lat' dir='ltr'>riderentur</span> <span class='ocrx_word' id='word_1_96' title='bbox 1119 821 1226 860; x_wconf 89' lang='lat' dir='ltr'>Plato</span> <span class='ocrx_word' id='word_1_97' title='bbox 1266 823 1437 860; x_wconf 87' lang='lat' dir='ltr'>moneret</span> <span class='ocrx_word' id='word_1_98' title='bbox 1469 832 1566 870; x_wconf 87' lang='lat' dir='ltr'>quae</span> 
     </span>
     <span class='ocr_line' id='line_1_14' title="bbox 79 884 1565 934; baseline 0.001 -13"><span class='ocrx_word' id='word_1_99' title='bbox 79 884 247 921; x_wconf 91' lang='lat' dir='ltr'>nondum</span> <span class='ocrx_word' id='word_1_100' title='bbox 284 885 395 922; x_wconf 86' lang='lat' dir='ltr'>illusa</span> <span class='ocrx_word' id='word_1_101' title='bbox 430 887 593 923; x_wconf 53' lang='lat' dir='ltr'>essent?</span> <span class='ocrx_word' id='word_1_102' title='bbox 637 885 721 923; x_wconf 91' lang='lat' dir='ltr'>Non</span> <span class='ocrx_word' id='word_1_103' title='bbox 756 886 906 923; x_wconf 86' lang='lat' dir='ltr'>licuisse</span> <span class='ocrx_word' id='word_1_104' title='bbox 945 887 1072 923; x_wconf 90' lang='lat' dir='ltr'>autem</span> <span class='ocrx_word' id='word_1_105' title='bbox 1108 885 1323 934; x_wconf 86' lang='lat' dir='ltr'>philosopho</span> <span class='ocrx_word' id='word_1_106' title='bbox 1358 896 1455 934; x_wconf 90' lang='lat' dir='ltr'>quae</span> <span class='ocrx_word' id='word_1_107' title='bbox 1486 885 1565 922; x_wconf 87' lang='lat' dir='ltr'>iam</span> 
     </span>
     <span class='ocr_line' id='line_1_15' title="bbox 82 941 1567 999; baseline 0.001 -13"><span class='ocrx_word' id='word_1_108' title='bbox 82 948 231 997; x_wconf 87' lang='lat' dir='ltr'>publico</span> <span class='ocrx_word' id='word_1_109' title='bbox 259 948 339 987; x_wconf 91' lang='lat' dir='ltr'>risu</span> <span class='ocrx_word' id='word_1_110' title='bbox 368 948 503 988; x_wconf 88' lang='lat' dir='ltr'>affecta</span> <span class='ocrx_word' id='word_1_111' title='bbox 530 948 693 988; x_wconf 80' lang='lat' dir='ltr'>fuissent</span> <span class='ocrx_word' id='word_1_112' title='bbox 718 941 777 988; x_wconf 81' lang='lat' dir='ltr'>‘ut</span> <span class='ocrx_word' id='word_1_113' title='bbox 804 960 863 988; x_wconf 87' lang='lat' dir='ltr'>res</span> <span class='ocrx_word' id='word_1_114' title='bbox 891 949 1000 999; x_wconf 91' lang='lat' dir='ltr'>plane</span> <span class='ocrx_word' id='word_1_115' title='bbox 1027 960 1154 994; x_wconf 88' lang='lat' dir='ltr'>novas,</span> <span class='ocrx_word' id='word_1_116' title='bbox 1181 948 1340 988; x_wconf 88' lang='lat' dir='ltr'>indictas</span> <span class='ocrx_word' id='word_1_117' title='bbox 1358 960 1420 988; x_wconf 90' lang='lat' dir='ltr'>ore</span> <span class='ocrx_word' id='word_1_118' title='bbox 1432 949 1567 988; x_wconf 65' lang='lat' dir='ltr'>alieno</span> 
     </span>
     <span class='ocr_line' id='line_1_16' title="bbox 79 1005 1567 1063; baseline 0.001 -14"><span class='ocrx_word' id='word_1_119' title='bbox 79 1005 283 1050; x_wconf 86' lang='lat' dir='ltr'>venditare&#39;</span> <span class='ocrx_word' id='word_1_120' title='bbox 320 1013 654 1062; x_wconf 87' lang='lat' dir='ltr'>(Morgensternius</span> <span class='ocrx_word' id='word_1_121' title='bbox 686 1014 710 1052; x_wconf 90' lang='lat'>1.</span> <span class='ocrx_word' id='word_1_122' title='bbox 748 1014 772 1051; x_wconf 92' lang='lat' dir='ltr'>l.</span> <span class='ocrx_word' id='word_1_123' title='bbox 809 1025 844 1062; x_wconf 92' lang='lat' dir='ltr'>p.</span> <span class='ocrx_word' id='word_1_124' title='bbox 883 1014 948 1063; x_wconf 88' lang='lat'>77)</span> <span class='ocrx_word' id='word_1_125' title='bbox 992 1024 1102 1051; x_wconf 90' lang='lat' dir='ltr'>nemo</span> <span class='ocrx_word' id='word_1_126' title='bbox 1138 1013 1247 1051; x_wconf 85' lang='lat' dir='ltr'>facile</span> <span class='ocrx_word' id='word_1_127' title='bbox 1280 1012 1479 1051; x_wconf 89' lang='lat' dir='ltr'>contendet</span> <span class='ocrx_word' id='word_1_128' title='bbox 1506 1013 1567 1051; x_wconf 89' lang='lat' dir='ltr'>cui</span> 
     </span>
     <span class='ocr_line' id='line_1_17' title="bbox 80 1076 1567 1126; baseline 0 -12"><span class='ocrx_word' id='word_1_129' title='bbox 80 1078 268 1125; x_wconf 88' lang='lat' dir='ltr'>quantum</span> <span class='ocrx_word' id='word_1_130' title='bbox 309 1076 409 1115; x_wconf 84' lang='lat' dir='ltr'>inter</span> <span class='ocrx_word' id='word_1_131' title='bbox 450 1076 639 1116; x_wconf 86' lang='lat' dir='ltr'>levissima</span> <span class='ocrx_word' id='word_1_132' title='bbox 675 1077 807 1115; x_wconf 90' lang='lat' dir='ltr'>comici</span> <span class='ocrx_word' id='word_1_133' title='bbox 842 1079 1057 1116; x_wconf 90' lang='lat' dir='ltr'>commenta</span> <span class='ocrx_word' id='word_1_134' title='bbox 1094 1079 1131 1116; x_wconf 90' lang='lat' dir='ltr'>et</span> <span class='ocrx_word' id='word_1_135' title='bbox 1158 1076 1421 1126; x_wconf 88' lang='lat' dir='ltr'>gravissimam</span> <span class='ocrx_word' id='word_1_136' title='bbox 1448 1076 1567 1126; x_wconf 92' lang='lat' dir='ltr'>philo-</span> 
     </span>
     <span class='ocr_line' id='line_1_18' title="bbox 81 1141 1566 1191; baseline 0.001 -13"><span class='ocrx_word' id='word_1_137' title='bbox 81 1141 272 1190; x_wconf 87' lang='lat' dir='ltr'>sophantis</span> <span class='ocrx_word' id='word_1_138' title='bbox 308 1141 452 1191; x_wconf 88' lang='lat' dir='ltr'>ingenii</span> <span class='ocrx_word' id='word_1_139' title='bbox 490 1141 854 1190; x_wconf 87' lang='lat' dir='ltr'>argumentationem</span> <span class='ocrx_word' id='word_1_140' title='bbox 890 1142 1039 1180; x_wconf 91' lang='lat' dir='ltr'>intersit</span> <span class='ocrx_word' id='word_1_141' title='bbox 1073 1143 1309 1191; x_wconf 89' lang='lat' dir='ltr'>perspectum</span> <span class='ocrx_word' id='word_1_142' title='bbox 1344 1141 1424 1180; x_wconf 90' lang='lat' dir='ltr'>erit.</span> <span class='ocrx_word' id='word_1_143' title='bbox 1486 1141 1566 1179; x_wconf 88' lang='lat' dir='ltr'>Nec</span> 
     </span>
     <span class='ocr_line' id='line_1_19' title="bbox 79 1205 1566 1255; baseline 0.001 -12"><span class='ocrx_word' id='word_1_144' title='bbox 79 1205 216 1243; x_wconf 87' lang='lat' dir='ltr'>iustius</span> <span class='ocrx_word' id='word_1_145' title='bbox 245 1205 465 1255; x_wconf 91' lang='lat' dir='ltr'>quisquam,</span> <span class='ocrx_word' id='word_1_146' title='bbox 504 1206 536 1244; x_wconf 93' lang='lat' dir='ltr'>si</span> <span class='ocrx_word' id='word_1_147' title='bbox 565 1206 846 1245; x_wconf 84' lang='lat' dir='ltr'>Ecclesiazusae</span> <span class='ocrx_word' id='word_1_148' title='bbox 881 1207 969 1245; x_wconf 82' lang='lat' dir='ltr'>ante</span> <span class='ocrx_word' id='word_1_149' title='bbox 997 1205 1171 1244; x_wconf 89' lang='lat' dir='ltr'>Politiam</span> <span class='ocrx_word' id='word_1_150' title='bbox 1204 1205 1379 1244; x_wconf 89' lang='lat' dir='ltr'>dicantur</span> <span class='ocrx_word' id='word_1_151' title='bbox 1407 1205 1566 1255; x_wconf 88' lang='lat' dir='ltr'>scriptae</span> 
     </span>
     <span class='ocr_line' id='line_1_20' title="bbox 80 1269 1565 1319; baseline 0.001 -12"><span class='ocrx_word' id='word_1_152' title='bbox 80 1281 174 1315; x_wconf 92' lang='lat' dir='ltr'>esse,</span> <span class='ocrx_word' id='word_1_153' title='bbox 203 1270 370 1319; x_wconf 85' lang='lat' dir='ltr'>aliquam</span> <span class='ocrx_word' id='word_1_154' title='bbox 399 1282 529 1309; x_wconf 90' lang='lat' dir='ltr'>earum</span> <span class='ocrx_word' id='word_1_155' title='bbox 558 1270 855 1319; x_wconf 86' lang='lat' dir='ltr'>designationem</span> <span class='ocrx_word' id='word_1_156' title='bbox 884 1270 1166 1314; x_wconf 83' lang='lat' dir='ltr'>desideraverit3</span> <span class='ocrx_word' id='word_1_157' title='bbox 1196 1270 1331 1319; x_wconf 88' lang='lat' dir='ltr'>quippe</span> <span class='ocrx_word' id='word_1_158' title='bbox 1354 1269 1565 1309; x_wconf 86' lang='lat' dir='ltr'>comoediae</span> 
     </span>
     <span class='ocr_line' id='line_1_21' title="bbox 78 1333 1569 1383; baseline 0.001 -13"><span class='ocrx_word' id='word_1_159' title='bbox 78 1334 177 1371; x_wconf 89' lang='lat' dir='ltr'>iocos</span> <span class='ocrx_word' id='word_1_160' title='bbox 206 1333 332 1371; x_wconf 85' lang='lat' dir='ltr'>divina</span> <span class='ocrx_word' id='word_1_161' title='bbox 367 1334 434 1372; x_wconf 89' lang='lat' dir='ltr'>illa</span> <span class='ocrx_word' id='word_1_162' title='bbox 468 1334 619 1382; x_wconf 88' lang='lat' dir='ltr'>ingenia</span> <span class='ocrx_word' id='word_1_163' title='bbox 655 1345 839 1383; x_wconf 89' lang='lat' dir='ltr'>peraequo</span> <span class='ocrx_word' id='word_1_164' title='bbox 877 1334 1062 1383; x_wconf 87' lang='lat' dir='ltr'>accepisse</span> <span class='ocrx_word' id='word_1_165' title='bbox 1100 1334 1226 1372; x_wconf 90' lang='lat' dir='ltr'>animo</span> <span class='ocrx_word' id='word_1_166' title='bbox 1255 1334 1348 1372; x_wconf 89' lang='lat' dir='ltr'>satis</span> <span class='ocrx_word' id='word_1_167' title='bbox 1376 1333 1484 1372; x_wconf 91' lang='lat' dir='ltr'>docet</span> <span class='ocrx_word' id='word_1_168' title='bbox 1509 1334 1569 1371; x_wconf 92' lang='lat' dir='ltr'>iu-</span> 
     </span>
     <span class='ocr_line' id='line_1_22' title="bbox 79 1396 1568 1448; baseline 0 -13"><span class='ocrx_word' id='word_1_169' title='bbox 79 1397 203 1435; x_wconf 87' lang='lat' dir='ltr'>cunda</span> <span class='ocrx_word' id='word_1_170' title='bbox 233 1397 398 1436; x_wconf 88' lang='lat' dir='ltr'>Socratis</span> <span class='ocrx_word' id='word_1_171' title='bbox 436 1398 474 1436; x_wconf 90' lang='lat' dir='ltr'>in</span> <span class='ocrx_word' id='word_1_172' title='bbox 504 1396 679 1436; x_wconf 87' lang='lat' dir='ltr'>Convivio</span> <span class='ocrx_word' id='word_1_173' title='bbox 717 1398 767 1447; x_wconf 90' lang='lat' dir='ltr'>(p.</span> <span class='ocrx_word' id='word_1_174' title='bbox 796 1398 871 1436; x_wconf 86' lang='lat'>221</span> <span class='ocrx_word' id='word_1_175' title='bbox 903 1398 952 1448; x_wconf 94' lang='grc' dir='ltr'>Β)</span> <span class='ocrx_word' id='word_1_176' title='bbox 982 1397 1241 1447; x_wconf 85' lang='lat' dir='ltr'>Aristophanis</span> <span class='ocrx_word' id='word_1_177' title='bbox 1270 1397 1398 1436; x_wconf 89' lang='lat' dir='ltr'>Nubes</span> <span class='ocrx_word' id='word_1_178' title='bbox 1428 1396 1568 1445; x_wconf 88' lang='lat' dir='ltr'>signifi-</span> 
     </span>
     <span class='ocr_line' id='line_1_23' title="bbox 78 1461 455 1499; baseline 0.003 -1"><span class='ocrx_word' id='word_1_179' title='bbox 78 1462 198 1499; x_wconf 90' lang='lat' dir='ltr'>cantis</span> <span class='ocrx_word' id='word_1_180' title='bbox 226 1461 455 1499; x_wconf 87' lang='lat' dir='ltr'>humanitas.</span> 
     </span>
    </p>
   </div>
   <div class='ocr_carea' id='block_1_4' title="bbox 75 1534 1567 2289">
    <p class='ocr_par' dir='ltr' id='par_1_4' title="bbox 75 1534 1567 2289">
     <span class='ocr_line' id='line_1_24' title="bbox 186 1534 1565 1585; baseline 0 -12"><span class='ocrx_word' id='word_1_181' title='bbox 186 1536 310 1584; x_wconf 85' lang='lat' dir='ltr'>Atque</span> <span class='ocrx_word' id='word_1_182' title='bbox 337 1536 430 1574; x_wconf 88' lang='lat' dir='ltr'>haec</span> <span class='ocrx_word' id='word_1_183' title='bbox 467 1535 619 1585; x_wconf 90' lang='lat' dir='ltr'>quidem</span> <span class='ocrx_word' id='word_1_184' title='bbox 661 1535 706 1574; x_wconf 90' lang='lat' dir='ltr'>de</span> <span class='ocrx_word' id='word_1_185' title='bbox 742 1534 1019 1574; x_wconf 86' lang='lat' dir='ltr'>Ecclesiazusis.</span> <span class='ocrx_word' id='word_1_186' title='bbox 1082 1534 1185 1582; x_wconf 83' lang='lat' dir='ltr'>Quas</span> <span class='ocrx_word' id='word_1_187' title='bbox 1227 1545 1315 1573; x_wconf 90' lang='lat' dir='ltr'>cum</span> <span class='ocrx_word' id='word_1_188' title='bbox 1356 1545 1422 1584; x_wconf 91' lang='lat' dir='ltr'>pro</span> <span class='ocrx_word' id='word_1_189' title='bbox 1464 1535 1565 1573; x_wconf 86' lang='lat' dir='ltr'>certo</span> 
     </span>
     <span class='ocr_line' id='line_1_25' title="bbox 78 1598 1565 1648; baseline -0.001 -11"><span class='ocrx_word' id='word_1_190' title='bbox 78 1601 315 1648; x_wconf 85' lang='lat' dir='ltr'>exploratum</span> <span class='ocrx_word' id='word_1_191' title='bbox 343 1602 519 1648; x_wconf 88' lang='lat' dir='ltr'>putemus</span> <span class='ocrx_word' id='word_1_192' title='bbox 548 1600 596 1637; x_wconf 88' lang='lat' dir='ltr'>ad</span> <span class='ocrx_word' id='word_1_193' title='bbox 624 1599 827 1648; x_wconf 88' lang='lat' dir='ltr'>primordia</span> <span class='ocrx_word' id='word_1_194' title='bbox 846 1599 1088 1648; x_wconf 85' lang='lat' dir='ltr'>Reipublicae</span> <span class='ocrx_word' id='word_1_195' title='bbox 1107 1599 1322 1637; x_wconf 87' lang='lat' dir='ltr'>Platonicae</span> <span class='ocrx_word' id='word_1_196' title='bbox 1350 1598 1565 1636; x_wconf 87' lang='lat' dir='ltr'>accuratius</span> 
     </span>
     <span class='ocr_line' id='line_1_26' title="bbox 78 1662 1567 1715; baseline -0.001 -13"><span class='ocrx_word' id='word_1_197' title='bbox 78 1663 288 1702; x_wconf 91' lang='lat' dir='ltr'>definienda</span> <span class='ocrx_word' id='word_1_198' title='bbox 316 1663 408 1702; x_wconf 89' lang='lat' dir='ltr'>nihil</span> <span class='ocrx_word' id='word_1_199' title='bbox 450 1675 602 1714; x_wconf 89' lang='lat' dir='ltr'>prorsus</span> <span class='ocrx_word' id='word_1_200' title='bbox 631 1663 861 1715; x_wconf 81' lang='lat' dir='ltr'>pertinere1),</span> <span class='ocrx_word' id='word_1_201' title='bbox 902 1663 980 1702; x_wconf 91' lang='lat' dir='ltr'>iam</span> <span class='ocrx_word' id='word_1_202' title='bbox 1013 1674 1214 1713; x_wconf 88' lang='lat' dir='ltr'>pergamus</span> <span class='ocrx_word' id='word_1_203' title='bbox 1253 1662 1302 1701; x_wconf 84' lang='lat' dir='ltr'>ad</span> <span class='ocrx_word' id='word_1_204' title='bbox 1342 1662 1435 1701; x_wconf 90' lang='lat' dir='ltr'>illud</span> <span class='ocrx_word' id='word_1_205' title='bbox 1469 1662 1567 1712; x_wconf 91' lang='lat' dir='ltr'>quod</span> 
     </span>
     <span class='ocr_line' id='line_1_27' title="bbox 76 1727 1565 1777; baseline -0.001 -12"><span class='ocrx_word' id='word_1_206' title='bbox 76 1729 116 1765; x_wconf 91' lang='lat' dir='ltr'>in</span> <span class='ocrx_word' id='word_1_207' title='bbox 144 1729 216 1765; x_wconf 90' lang='lat' dir='ltr'>hac</span> <span class='ocrx_word' id='word_1_208' title='bbox 244 1729 496 1777; x_wconf 89' lang='lat' dir='ltr'>disputatione</span> <span class='ocrx_word' id='word_1_209' title='bbox 525 1731 583 1766; x_wconf 87' lang='lat' dir='ltr'>est</span> <span class='ocrx_word' id='word_1_210' title='bbox 611 1729 840 1772; x_wconf 83' lang='lat' dir='ltr'>maximum,</span> <span class='ocrx_word' id='word_1_211' title='bbox 877 1731 921 1767; x_wconf 91' lang='lat' dir='ltr'>ut</span> <span class='ocrx_word' id='word_1_212' title='bbox 958 1728 1075 1776; x_wconf 90' lang='lat' dir='ltr'>ipsius</span> <span class='ocrx_word' id='word_1_213' title='bbox 1112 1727 1267 1765; x_wconf 85' lang='lat' dir='ltr'>Politiae</span> <span class='ocrx_word' id='word_1_214' title='bbox 1309 1728 1565 1765; x_wconf 84' lang='lat' dir='ltr'>examinantes</span> 
     </span>
     <span class='ocr_line' id='line_1_28' title="bbox 77 1789 1564 1844; baseline -0.001 -15"><span class='ocrx_word' id='word_1_215' title='bbox 77 1792 255 1829; x_wconf 87' lang='lat' dir='ltr'>naturam</span> <span class='ocrx_word' id='word_1_216' title='bbox 275 1793 389 1840; x_wconf 88' lang='lat' dir='ltr'>atque</span> <span class='ocrx_word' id='word_1_217' title='bbox 409 1791 700 1840; x_wconf 88' lang='lat' dir='ltr'>argumentandi</span> <span class='ocrx_word' id='word_1_218' title='bbox 719 1791 903 1829; x_wconf 90' lang='lat' dir='ltr'>rationem</span> <span class='ocrx_word' id='word_1_219' title='bbox 922 1790 1117 1830; x_wconf 87' lang='lat' dir='ltr'>videamus</span> <span class='ocrx_word' id='word_1_220' title='bbox 1144 1801 1236 1828; x_wconf 92' lang='lat' dir='ltr'>num</span> <span class='ocrx_word' id='word_1_221' title='bbox 1254 1791 1354 1829; x_wconf 91' lang='lat' dir='ltr'>recte</span> <span class='ocrx_word' id='word_1_222' title='bbox 1372 1789 1564 1844; x_wconf 87' lang='lat' dir='ltr'>Krohnius</span> 
     </span>
     <span class='ocr_line' id='line_1_29' title="bbox 76 1853 1566 1903; baseline -0.001 -11"><span class='ocrx_word' id='word_1_223' title='bbox 76 1867 169 1903; x_wconf 90' lang='lat' dir='ltr'>opus</span> <span class='ocrx_word' id='word_1_224' title='bbox 198 1855 378 1899; x_wconf 89' lang='lat' dir='ltr'>divinum,</span> <span class='ocrx_word' id='word_1_225' title='bbox 398 1857 582 1903; x_wconf 87' lang='lat' dir='ltr'>tanquam</span> <span class='ocrx_word' id='word_1_226' title='bbox 610 1855 823 1903; x_wconf 86' lang='lat' dir='ltr'>argumenti</span> <span class='ocrx_word' id='word_1_227' title='bbox 843 1855 1082 1903; x_wconf 78' lang='lat' dir='ltr'>simplicitate</span> <span class='ocrx_word' id='word_1_228' title='bbox 1103 1856 1216 1902; x_wconf 87' lang='lat' dir='ltr'>atque</span> <span class='ocrx_word' id='word_1_229' title='bbox 1235 1854 1387 1891; x_wconf 88' lang='lat' dir='ltr'>unitate</span> <span class='ocrx_word' id='word_1_230' title='bbox 1407 1853 1566 1891; x_wconf 86' lang='lat' dir='ltr'>destitu-</span> 
     </span>
     <span class='ocr_line' id='line_1_30' title="bbox 75 1916 1563 1969; baseline 0 -12"><span class='ocrx_word' id='word_1_231' title='bbox 75 1920 169 1964; x_wconf 90' lang='lat' dir='ltr'>tum,</span> <span class='ocrx_word' id='word_1_232' title='bbox 199 1930 264 1968; x_wconf 89' lang='lat' dir='ltr'>per</span> <span class='ocrx_word' id='word_1_233' title='bbox 291 1930 431 1968; x_wconf 88' lang='lat' dir='ltr'>magna</span> <span class='ocrx_word' id='word_1_234' title='bbox 458 1920 674 1969; x_wconf 89' lang='lat' dir='ltr'>temporum</span> <span class='ocrx_word' id='word_1_235' title='bbox 706 1919 906 1958; x_wconf 87' lang='lat' dir='ltr'>intervalla</span> <span class='ocrx_word' id='word_1_236' title='bbox 934 1918 1182 1968; x_wconf 88' lang='lat' dir='ltr'>compositum</span> <span class='ocrx_word' id='word_1_237' title='bbox 1215 1928 1296 1957; x_wconf 92' lang='lat' dir='ltr'>esse</span> <span class='ocrx_word' id='word_1_238' title='bbox 1324 1916 1563 1957; x_wconf 88' lang='lat' dir='ltr'>iudicaverit.</span> 
     </span>
     <span class='ocr_line' id='line_1_31' title="bbox 78 1981 1564 2032; baseline -0.001 -11"><span class='ocrx_word' id='word_1_239' title='bbox 78 1982 278 2021; x_wconf 82' lang='lat' dir='ltr'>Contendit</span> <span class='ocrx_word' id='word_1_240' title='bbox 296 1983 397 2021; x_wconf 91' lang='lat' dir='ltr'>enim</span> <span class='ocrx_word' id='word_1_241' title='bbox 413 1983 517 2021; x_wconf 89' lang='lat' dir='ltr'>libris</span> <span class='ocrx_word' id='word_1_242' title='bbox 545 1983 682 2028; x_wconf 81' lang='lat' dir='ltr'>I—-IV,</span> <span class='ocrx_word' id='word_1_243' title='bbox 712 1982 913 2020; x_wconf 88' lang='lat' dir='ltr'><strong>VIII—IX</strong></span> <span class='ocrx_word' id='word_1_244' title='bbox 940 1982 1034 2021; x_wconf 85' lang='lat' dir='ltr'>nihil</span> <span class='ocrx_word' id='word_1_245' title='bbox 1053 1982 1174 2020; x_wconf 87' lang='lat' dir='ltr'>inesse</span> <span class='ocrx_word' id='word_1_246' title='bbox 1193 1981 1266 2020; x_wconf 91' lang='lat' dir='ltr'>nisi</span> <span class='ocrx_word' id='word_1_247' title='bbox 1284 1981 1564 2032; x_wconf 83' lang='lat' dir='ltr'>psychologiam</span> 
     </span>
     <span class='ocr_line' id='line_1_32' title="bbox 77 2038 1566 2096; baseline -0.002 -11"><span class='ocrx_word' id='word_1_248' title='bbox 77 2058 192 2095; x_wconf 89' lang='lat' dir='ltr'>quam</span> <span class='ocrx_word' id='word_1_249' title='bbox 235 2047 367 2085; x_wconf 90' lang='lat' dir='ltr'>dicunt</span> <span class='ocrx_word' id='word_1_250' title='bbox 405 2047 641 2096; x_wconf 86' lang='lat' dir='ltr'>empiricam,</span> <span class='ocrx_word' id='word_1_251' title='bbox 684 2046 854 2084; x_wconf 90' lang='lat' dir='ltr'>omnium</span> <span class='ocrx_word' id='word_1_252' title='bbox 898 2046 999 2085; x_wconf 90' lang='lat' dir='ltr'>enim</span> <span class='ocrx_word' id='word_1_253' title='bbox 1040 2045 1332 2084; x_wconf 89' lang='lat' dir='ltr'>fundamentum</span> <span class='ocrx_word' id='word_1_254' title='bbox 1373 2056 1455 2083; x_wconf 89' lang='lat' dir='ltr'>esse</span> <span class='ocrx_word' id='word_1_255' title='bbox 1496 2038 1566 2096; x_wconf 82' lang='grc' dir='ltr'>τὴν</span> 
     </span>
     <span class='ocr_line' id='line_1_33' title="bbox 76 2104 1564 2162; baseline -0.001 -14"><span class='ocrx_word' id='word_1_256' title='bbox 76 2104 196 2162; x_wconf 79' lang='grc' dir='ltr'><em>φύσιν</em></span> <span class='ocrx_word' id='word_1_257' title='bbox 231 2113 269 2150; x_wconf 92' lang='lat' dir='ltr'>et</span> <span class='ocrx_word' id='word_1_258' title='bbox 302 2105 349 2149; x_wconf 79' lang='grc' dir='ltr'>τὸ</span> <span class='ocrx_word' id='word_1_259' title='bbox 385 2104 626 2161; x_wconf 80' lang='grc' dir='ltr'><em>γιγνόμενον,</em></span> <span class='ocrx_word' id='word_1_260' title='bbox 668 2122 743 2149; x_wconf 89' lang='grc'><strong>11011</strong></span> <span class='ocrx_word' id='word_1_261' title='bbox 778 2111 899 2149; x_wconf 90' lang='lat' dir='ltr'>solum</span> <span class='ocrx_word' id='word_1_262' title='bbox 928 2110 1081 2155; x_wconf 88' lang='lat' dir='ltr'>abesse,</span> <span class='ocrx_word' id='word_1_263' title='bbox 1117 2109 1182 2149; x_wconf 91' lang='lat' dir='ltr'>sed</span> <span class='ocrx_word' id='word_1_264' title='bbox 1217 2109 1368 2148; x_wconf 83' lang='lat' dir='ltr'>omnino</span> <span class='ocrx_word' id='word_1_265' title='bbox 1396 2109 1564 2151; x_wconf 86' lang='lat' dir='ltr'>nondum</span> 
     </span>
     <span class='ocr_line' id='line_1_34' title="bbox 76 2173 1565 2224; baseline -0.001 -11"><span class='ocrx_word' id='word_1_266' title='bbox 76 2175 289 2224; x_wconf 85' lang='lat' dir='ltr'>cognovisse</span> <span class='ocrx_word' id='word_1_267' title='bbox 318 2175 516 2214; x_wconf 91' lang='lat' dir='ltr'>Platonem</span> <span class='ocrx_word' id='word_1_268' title='bbox 544 2175 658 2214; x_wconf 88' lang='lat' dir='ltr'>ideas.</span> <span class='ocrx_word' id='word_1_269' title='bbox 726 2174 863 2213; x_wconf 78' lang='lat' dir='ltr'>Contra</span> <span class='ocrx_word' id='word_1_270' title='bbox 891 2175 929 2213; x_wconf 93' lang='lat' dir='ltr'>in</span> <span class='ocrx_word' id='word_1_271' title='bbox 957 2174 1100 2223; x_wconf 87' lang='lat' dir='ltr'>reliqua</span> <span class='ocrx_word' id='word_1_272' title='bbox 1127 2174 1232 2223; x_wconf 89' lang='lat' dir='ltr'>parte</span> <span class='ocrx_word' id='word_1_273' title='bbox 1261 2173 1380 2212; x_wconf 88' lang='lat' dir='ltr'>solam</span> <span class='ocrx_word' id='word_1_274' title='bbox 1407 2173 1565 2217; x_wconf 81' lang='lat' dir='ltr'>inveniri</span> 
     </span>
     <span class='ocr_line' id='line_1_35' title="bbox 75 2230 1563 2289; baseline -0.001 -11"><span class='ocrx_word' id='word_1_275' title='bbox 75 2240 358 2289; x_wconf 86' lang='lat' dir='ltr'>philosophiam,</span> <span class='ocrx_word' id='word_1_276' title='bbox 388 2239 572 2278; x_wconf 89' lang='lat' dir='ltr'>dominari</span> <span class='ocrx_word' id='word_1_277' title='bbox 599 2233 646 2278; x_wconf 85' lang='grc' dir='ltr'>τὸ</span> <span class='ocrx_word' id='word_1_278' title='bbox 674 2230 735 2285; x_wconf 66' lang='grc' dir='ltr'>ὅν,</span> <span class='ocrx_word' id='word_1_279' title='bbox 773 2239 960 2282; x_wconf 85' lang='lat' dir='ltr'>contemni</span> <span class='ocrx_word' id='word_1_280' title='bbox 998 2239 1194 2278; x_wconf 87' lang='lat' dir='ltr'>veritatem</span> <span class='ocrx_word' id='word_1_281' title='bbox 1222 2249 1348 2277; x_wconf 91' lang='lat' dir='ltr'>rerum</span> <span class='ocrx_word' id='word_1_282' title='bbox 1375 2239 1420 2276; x_wconf 92' lang='lat' dir='ltr'>ut</span> <span class='ocrx_word' id='word_1_283' title='bbox 1446 2237 1563 2276; x_wconf 89' lang='lat' dir='ltr'>nebu-</span> 
     </span>
    </p>
   </div>
   <div class='ocr_carea' id='block_1_5' title="bbox 76 2397 1564 2546">
    <p class='ocr_par' dir='ltr' id='par_1_5' title="bbox 76 2397 1564 2546">
     <span class='ocr_line' id='line_1_36' title="bbox 185 2397 1564 2440; baseline -0.002 -9"><span class='ocrx_word' id='word_1_284' title='bbox 185 2399 207 2440; x_wconf 89' lang='lat'>¹)</span> <span class='ocrx_word' id='word_1_285' title='bbox 231 2399 312 2431; x_wconf 84' lang='lat' dir='ltr'>Eam</span> <span class='ocrx_word' id='word_1_286' title='bbox 335 2400 403 2431; x_wconf 75' lang='lat' dir='ltr'>tuin</span> <span class='ocrx_word' id='word_1_287' title='bbox 427 2398 525 2431; x_wconf 77' lang='lat' dir='ltr'>fuisse</span> <span class='ocrx_word' id='word_1_288' title='bbox 550 2398 790 2430; x_wconf 83' lang='lat' dir='ltr'>Atheniensium</span> <span class='ocrx_word' id='word_1_289' title='bbox 820 2398 1010 2439; x_wconf 84' lang='lat' dir='ltr'>reipublicao</span> <span class='ocrx_word' id='word_1_290' title='bbox 1042 2397 1254 2430; x_wconf 86' lang='lat' dir='ltr'>condicionem</span> <span class='ocrx_word' id='word_1_291' title='bbox 1284 2399 1321 2429; x_wconf 93' lang='lat' dir='ltr'>ut</span> <span class='ocrx_word' id='word_1_292' title='bbox 1350 2397 1382 2429; x_wconf 91' lang='lat' dir='ltr'>in</span> <span class='ocrx_word' id='word_1_293' title='bbox 1413 2398 1564 2438; x_wconf 89' lang='lat' dir='ltr'>promptu</span> 
     </span>
     <span class='ocr_line' id='line_1_37' title="bbox 77 2450 1564 2493; baseline -0.002 -8"><span class='ocrx_word' id='word_1_294' title='bbox 77 2455 161 2485; x_wconf 86' lang='lat' dir='ltr'>esset</span> <span class='ocrx_word' id='word_1_295' title='bbox 184 2463 380 2485; x_wconf 87' lang='lat' dir='ltr'>communem</span> <span class='ocrx_word' id='word_1_296' title='bbox 405 2453 545 2485; x_wconf 84' lang='lat' dir='ltr'>omnium</span> <span class='ocrx_word' id='word_1_297' title='bbox 578 2463 682 2484; x_wconf 87' lang='lat' dir='ltr'>rerum</span> <span class='ocrx_word' id='word_1_298' title='bbox 707 2452 935 2493; x_wconf 86' lang='lat' dir='ltr'>possessionem</span> <span class='ocrx_word' id='word_1_299' title='bbox 965 2452 1121 2483; x_wconf 82' lang='lat' dir='ltr'>somniare</span> <span class='ocrx_word' id='word_1_300' title='bbox 1144 2451 1234 2483; x_wconf 83' lang='lat' dir='ltr'>docet</span> <span class='ocrx_word' id='word_1_301' title='bbox 1255 2450 1373 2482; x_wconf 84' lang='lat' dir='ltr'>Beloch</span> <span class='ocrx_word' id='word_1_302' title='bbox 1403 2450 1464 2482; x_wconf 87' lang='lat' dir='ltr'>Die</span> <span class='ocrx_word' id='word_1_303' title='bbox 1485 2450 1564 2482; x_wconf 83' lang='lat' dir='ltr'>atti-</span> 
     </span>
     <span class='ocr_line' id='line_1_38' title="bbox 76 2502 1498 2546; baseline -0.001 -9"><span class='ocrx_word' id='word_1_304' title='bbox 76 2506 150 2537; x_wconf 88' lang='lat' dir='ltr'>sche</span> <span class='ocrx_word' id='word_1_305' title='bbox 173 2506 293 2538; x_wconf 85' lang='lat' dir='ltr'>Politik</span> <span class='ocrx_word' id='word_1_306' title='bbox 316 2506 378 2537; x_wconf 88' lang='lat' dir='ltr'>seit</span> <span class='ocrx_word' id='word_1_307' title='bbox 401 2505 544 2537; x_wconf 81' lang='lat' dir='ltr'>Periklos</span> <span class='ocrx_word' id='word_1_308' title='bbox 567 2516 596 2546; x_wconf 91' lang='lat' dir='ltr'>p.</span> <span class='ocrx_word' id='word_1_309' title='bbox 623 2507 671 2538; x_wconf 94' lang='grc'>11.</span> <span class='ocrx_word' id='word_1_310' title='bbox 717 2506 785 2536; x_wconf 89' lang='lat' dir='ltr'>Hoc</span> <span class='ocrx_word' id='word_1_311' title='bbox 807 2505 909 2545; x_wconf 85' lang='lat' dir='ltr'>igitur</span> <span class='ocrx_word' id='word_1_312' title='bbox 931 2504 1059 2537; x_wconf 80' lang='lat' dir='ltr'>fabulae</span> <span class='ocrx_word' id='word_1_313' title='bbox 1081 2514 1192 2536; x_wconf 84' lang='lat' dir='ltr'>ansam</span> <span class='ocrx_word' id='word_1_314' title='bbox 1216 2503 1343 2535; x_wconf 86' lang='lat' dir='ltr'>videtur</span> <span class='ocrx_word' id='word_1_315' title='bbox 1365 2502 1498 2536; x_wconf 83' lang='lat' dir='ltr'>dedisse.</span> 
     </span>
    </p>
   </div>
  </div>
 </body>
</html>
