1786 2742
866 39 917 75 25

149 167 269 217 qualis
306 167 356 205 sit
392 169 476 206 tum
512 169 610 206 certe
645 179 720 208 non
760 167 909 205 uberius
946 166 1102 216 exponit,
1142 165 1206 203 sed
1240 164 1441 203 interiectis
1470 163 1623 201 demum

151 231 295 270 duobus
331 231 407 270 fere
434 231 538 270 libris
572 243 659 269 cum
686 231 803 269 oratio
831 231 878 269 ad
906 230 1117 269 futurorum
1144 229 1352 279 principum
1379 227 1626 271 eruditionem

148 295 455 345 disciplinamque
484 296 651 341 accessit,
680 296 734 334 rei
761 297 848 334 ante
867 297 1018 334 notatae
1037 295 1146 344 quasi
1166 295 1205 332 in
1225 293 1386 332 transitu
1405 292 1626 330 memoriam

145 371 320 399 revocans
350 359 418 409 (VI
458 360 535 398 504
576 361 619 398 B.
648 360 718 410 D):
754 353 982 406 ε11111011111113,
1022 360 1155 408 inquit,
1192 359 1222 396 si
1264 358 1460 396 scientiam
1502 351 1623 394 unam

149 424 317 463 omnium
355 425 462 473 longe
502 425 684 474 optimam
729 424 1165 474 praestantissimamque
1204 421 1402 473 (μέγιστον
1437 415 1624 472 μάθημα)

148 489 334 538 percipere
362 491 400 527 et
427 489 737 538 comprehendere
764 490 898 534 volent,
926 488 1199 538 procedendum
1227 488 1295 525 illa
1320 486 1481 534 longiore
1510 488 1623 534 atque

149 552 380 601 impeditiore
415 565 480 602 per
516 555 615 592 artes
653 565 697 591 ac
730 553 873 591 litteras
906 552 966 590 via
1001 554 1058 590 est
1106 563 1220 600 quam
1256 552 1342 588 aute
1379 550 1537 588 strictim
1572 551 1627 587 at—

149 614 322 665 tigimus,
359 629 474 666 quam
513 619 580 656 aut
622 617 807 656 constanti
854 617 1107 665 acerrimoque
1154 615 1275 653 studio
1314 614 1361 652 ad
1398 614 1511 652 finem
1545 625 1628 663 per-

148 681 352 720 metientur
387 683 454 720 aut
487 682 581 720 illud
619 691 814 720 summum
843 683 956 731 atque
985 680 1238 719 clarissimum
1266 690 1473 728 numquam
1502 680 1626 717 mente

126 768 129 771 >
150 738 465 796 complectentur.’
511 747 560 786 Et
578 748 647 786 hoc
664 741 851 798 μέγιστον
876 740 1049 798 μάθημα
1067 745 1164 795 quod
1193 744 1327 783 dicitur
1349 755 1434 782 mox
1454 743 1628 782 docemur

151 823 232 849 esse
267 811 391 848 ideam
426 812 513 849 boni
551 812 619 860 (VI
648 813 724 849 505
754 812 820 861 A);
865 812 966 848 viam
1008 813 1136 848 autem
1177 811 1269 847 haec
1303 812 1347 847 ut
1385 811 1628 857 cognoscatur

147 874 350 912 ineundam
376 875 699 924 emetiendamque
736 874 974 924 gymnastica
998 876 1037 912 et
1060 874 1204 912 musica
1229 873 1465 917 educatione,
1491 872 1627 921 quibus

150 938 293 977 artibus
349 941 453 976 aetas
509 939 661 988 puerilis
718 939 766 976 ad
825 939 1101 976 humanitatem
1160 937 1398 981 informetur,
1459 936 1630 974 absoluta

152 1001 220 1051 (IV
249 1002 322 1039 521
354 1002 517 1040 E-522
548 1002 591 1052 G)
627 1003 722 1041 ferre
752 1003 905 1041 docetur
941 1002 1112 1051 deinceps
1140 1013 1204 1051 per
1232 1000 1518 1046 arithmeticam,
1546 1011 1631 1048 geo-

153 1066 340 1112 metriam,
370 1067 674 1113 stereometriam,
710 1067 988 1111 astronomiam,
1021 1066 1178 1115 denique
1206 1065 1392 1103 musicam
1420 1076 1505 1103 eam
1533 1075 1628 1113 quae

152 1129 372 1178 cognatione
401 1130 565 1179 quadam
588 1141 675 1168 cum
695 1130 920 1169 astronomia
940 1130 1173 1168 contineatur
1198 1129 1265 1178 (IV
1286 1129 1361 1166 525
1382 1128 1543 1166 A—531
1566 1127 1629 1178 D).

152 1194 256 1233 Haec
284 1196 413 1232 autem
440 1197 548 1233 tanta
575 1195 801 1244 optimorum
830 1195 1039 1233 studiorum
1066 1194 1225 1232 varietas
1244 1193 1374 1232 'efficit
1400 1193 1630 1242 prooemium

153 1257 341 1305 quoddam
387 1258 478 1295 artis
525 1258 758 1303 dialecticae,
805 1258 974 1295 omnium
1020 1258 1128 1295 modo
1171 1258 1477 1295 enumerat-arum
1522 1256 1628 1293 facile

155 1332 327 1359 summae
364 1332 408 1360 ac
434 1321 619 1371 principis.
685 1321 788 1370 Quae
823 1333 910 1360 011111
937 1323 1017 1360 tota
1044 1322 1213 1360 versetur
1244 1321 1284 1359 in
1311 1320 1364 1359 eis
1393 1321 1504 1359 rebus
1533 1331 1628 1369 quae

155 1386 234 1423 sola
261 1387 386 1423 mente
414 1387 451 1423 et
478 1386 698 1433 cogitatione
731 1386 991 1434 comprehendi
1024 1386 1167 1434 possint
1194 1396 1313 1433 neque
1343 1385 1513 1422 sensibus
1544 1385 1631 1422 sub-

154 1449 272 1487 iectae
300 1448 386 1496 sint,
421 1450 491 1488 hoc
525 1451 583 1488 est
615 1449 655 1488 in
690 1450 951 1488 communibus
988 1461 1115 1488 rerum
1150 1449 1360 1487 notionibus
1397 1450 1509 1498 atque
1537 1447 1628 1486 ideis

153 1514 227 1551 illis
246 1524 311 1562 per
330 1524 368 1551 se
387 1514 656 1558 constantibus,
685 1515 856 1559 aeternis,
881 1514 1191 1558 immutabilibus,
1218 1515 1316 1551 certe
1335 1514 1628 1550 consentaneum

154 1578 211 1615 est
245 1577 316 1615 hac
351 1577 492 1615 ratione
528 1578 576 1615 ad
605 1579 813 1616 extremum
846 1578 969 1627 ipsam
997 1588 1141 1627 quoque
1169 1577 1259 1615 boni
1285 1577 1420 1622 ideam,
1457 1587 1628 1614 summae

153 1642 304 1679 virtutis
332 1652 376 1679 ac
403 1641 635 1690 perfectionis
664 1642 836 1691 speeiem,
865 1643 904 1679 in
932 1644 1173 1691 conspectum
1202 1641 1315 1679 animi
1345 1652 1519 1679 casuram
1548 1652 1628 1678 esse

155 1704 223 1754 (IV
252 1705 325 1743 531
357 1705 524 1743 D-532
552 1705 612 1756 Ε).

260 1774 363 1813 Haec
391 1775 422 1813 si
450 1775 499 1813 ad
525 1776 650 1814 10011111
669 1775 722 1813 IV
742 1777 818 1814 435
839 1776 884 1822 D,
910 1776 954 1814 ’111
982 1788 1054 1825 quo
1081 1778 1181 1814 recte
1208 1775 1485 1825 interpretando
1514 1775 1627 1813 huius

154 1839 381 1888 quaestionis
410 1839 519 1877 cardo
547 1841 647 1878 totus
676 1840 842 1885 vertitur,
879 1840 1145 1885 rettulerimus,
1174 1840 1281 1879 facile
1309 1844 1504 1878 occurrent
1533 1851 1629 1889 quae

154 1904 326 1942 animum
353 1904 511 1952 legentis
539 1905 708 1954 paullum
735 1905 916 1944 remorari
943 1916 987 1943 ac
1014 1904 1203 1944 retardare
1231 1905 1383 1954 possint.

260 1973 432 2012 Primum
468 1974 568 2012 enim
605 1985 692 2012 011111
727 1974 779 2012 ibi
816 1986 889 2012 non
926 1974 1084 2013 dubium
1112 1975 1162 2012 sit
1198 1975 1288 2023 quin
1325 1972 1547 2025 μακροτέρᾳ
1574 1975 1628 2012 1111

153 2030 328 2087 περιόδῳ
370 2048 465 2086 quae
502 2037 638 2075 dicitur
660 2037 704 2075 ι13
740 2038 986 2086 praestitutus
1025 2038 1075 2075 sit
1110 2038 1196 2075 finis
1237 2038 1395 2075 ultimus
1432 2039 1477 2075 ut
1513 2038 1630 2075 animi

153 2102 289 2140 natura
324 2102 437 2151 atque
478 2101 618 2140 indoles
659 2101 899 2141 reconditiore
941 2101 1106 2151 quadam
1147 2101 1432 2152 philosophandi
1474 2102 1533 2140 via
1575 2102 1632 2140 in-

151 2166 375 2214 vestigetur,
421 2166 621 2215 posteriore
663 2166 913 2215 disputatione
957 2166 1046 2204 111110
1087 2167 1269 2215 proposito
1310 2167 1371 2204 vix
1418 2178 1461 2204 ex
1504 2167 1630 2215 aliqua

154 2231 258 2279 parte
287 2230 461 2269 satisfieri
488 2231 618 2269 elucet.
684 2229 826 2279 Quippe
861 2231 1035 2269 continuo
1063 2242 1129 2280 per
1157 2231 1429 2269 diversissimas
1458 2233 1556 2269 artes
1586 2242 1629 2269 ac

152 2293 364 2342 disciplinas
404 2305 516 2331 cursu
551 2294 714 2332 confecto
752 2305 829 2332 non
863 2294 910 2331 ad
950 2305 1031 2331 rem
1067 2295 1293 2343 propositam
1320 2295 1550 2344 pervenitur,
1587 2296 1630 2332 ut

153 2357 269 2396 animi
296 2357 453 2396 humani
481 2357 600 2396 forma
627 2358 759 2408 triplex
787 2358 834 2396 ad
862 2358 1109 2408 philosophiae
1137 2359 1298 2398 rationes
1326 2361 1529 2404 revocetur,
1564 2359 1628 2397 sed

153 2421 200 2458 ad
245 2422 351 2470 longe
398 2422 500 2459 aliud
546 2423 690 2460 itineris
738 2434 918 2471 perquam
963 2423 1066 2471 longi
1112 2434 1155 2460 ac
1200 2423 1375 2461 laboriosi
1419 2424 1628 2472 praemium

153 2485 356 2535 sapientiae
385 2485 541 2524 studiosi
577 2485 784 2532 enituntur3
816 2485 940 2526 ideam
968 2486 1065 2533 boni,
1101 2488 1291 2526 aeternam
1324 2487 1431 2525 illam
1459 2487 1628 2525 omnium
