1786 2742
858 55 907 91 31

152 192 241 219 cum
282 181 320 219 in
362 181 481 230 priore
509 181 664 233 Politiae
705 182 810 230 parte
847 181 1023 219 scientiae
1060 179 1261 219 admodum
1299 182 1457 228 cognata
1494 180 1554 226 sit,
1591 181 1628 218 in

149 244 351 292 posteriore
386 244 420 282 ei
454 244 705 282 dissimillima
738 245 973 292 maximeque
1011 245 1195 282 contraria
1231 244 1381 288 evadat,
1423 245 1475 281 ita
1510 247 1553 281 ut
1588 245 1627 281 in

150 310 251 347 sexto
279 310 317 348 et
344 308 500 358 septimo
528 308 621 347 libro
647 308 713 347 illa
738 311 825 347 ante
852 307 1153 357 frequentissima
1182 299 1283 360 ὀρθὴ
1314 301 1410 355 δόξα
1437 319 1626 357 nusquam

149 373 369 411 inveniatur.

258 448 362 486 Haec
390 460 412 487 a
430 448 601 486 Krohnio
620 459 705 486 cum
734 448 949 497 eloquenter
968 448 1127 495 quidem,
1156 449 1219 486 sed
1248 459 1514 496 nonnunquam
1542 459 1627 485 cum

149 512 266 550 nimia
294 513 514 551 subtilitatis
551 512 783 551 affectatione
816 513 870 550 ita
907 512 1073 561 exposita
1109 513 1184 550 sint
1226 515 1268 550 ut
1304 524 1473 550 summae
1511 512 1626 549 confi-

150 573 296 615 dentiae
324 577 485 626 speciem
511 587 601 625 prae
629 588 667 614 se
695 576 836 622 ferant,
875 576 1113 614 vehementer
1150 587 1321 613 veremur
1348 588 1394 614 ne
1433 576 1627 614 nonnemi-

150 652 235 679 nem
265 642 311 678 ad
338 641 410 679 viri
437 641 589 679 facundi
617 641 840 679 sententiam
868 640 1112 678 traduxerint.
1168 639 1239 678 Sed
1275 641 1516 679 inveniuntur
1544 640 1627 688 qui-

151 703 219 741 bus
247 704 357 742 aliter
385 705 520 742 sentire
548 715 736 753 cogamur.
800 703 901 741 Nam
937 706 980 741 ut
1015 704 1108 741 illud
1145 704 1294 751 quidem
1329 705 1626 752 praetermittam

150 767 348 806 Platonem
385 768 424 806 in
459 768 582 817 priore
618 768 739 817 operis
771 769 877 817 parte
912 760 961 804 τὰ
989 758 1150 818 ἀληθῶς
1178 758 1270 804 ὅντα
1307 769 1344 805 et
1378 761 1427 804 τὰ
1456 761 1627 814 ὄοξαστά

151 831 210 869 his
239 832 426 869 contraria
453 832 589 869 idcirco
624 842 696 869 non
726 832 896 879 attigisse
931 831 1018 878 quia
1046 832 1222 879 primario
1252 832 1406 869 consilio
1444 832 1514 869 sibi
1541 842 1629 880 pro-

150 896 283 944 posito,
311 897 353 934 ut
382 896 545 945 optimae
573 896 737 934 civitatis
765 895 957 944 discriptio
986 897 1186 944 quaeratur
1222 897 1258 933 et
1293 896 1331 933 in
1365 895 1532 945 singulos
1560 895 1629 933 ho-

152 960 272 997 mines
301 960 529 1005 conferatur,
565 959 785 1007 perficiendo
815 959 940 996 omnia
976 960 1244 1007 postposuerit,
1280 970 1515 1008 nequaquam
1544 961 1629 997 tan-

151 1024 230 1061 tam
260 1034 340 1061 esse
367 1023 574 1072 primorum
603 1033 625 1060 a
644 1022 797 1071 reliquis
825 1022 932 1060 libris
960 1022 998 1060 in
1027 1022 1095 1060 illa
1113 1034 1152 1060 re
1171 1022 1459 1072 discrepantiam
1489 1025 1630 1070 quanta

151 1087 208 1124 illi
243 1087 412 1125 videatur
448 1087 547 1124 haud
584 1086 736 1124 difficile
773 1087 820 1124 ad
846 1086 1079 1134 probandum
1115 1088 1181 1124 est.
1245 1087 1395 1124 Etenim
1433 1080 1530 1133 δόξα
1562 1087 1630 1124 illa

152 1151 254 1187 recta
296 1160 390 1197 quae
431 1150 585 1195 dicitur,
623 1150 693 1187 etsi
721 1151 807 1187 ante
833 1149 973 1186 librum
1009 1151 1155 1187 sextum
1196 1150 1371 1187 scientiae
1412 1151 1630 1198 plerumque

152 1214 333 1261 aequatur
362 1212 411 1263 (d.
440 1213 490 1262 pl.
518 1213 579 1250 Fr.
607 1224 642 1262 p.
671 1212 757 1262 38),
793 1214 920 1250 tamen
947 1212 1144 1262 indagasse
1180 1213 1286 1250 nobis
1315 1213 1486 1251 videmur
1513 1214 1628 1251 vesti-

151 1278 256 1326 gium
287 1288 358 1326 quo
386 1277 630 1326 posteriorem
658 1277 821 1315 nominis
850 1289 960 1315 usum
988 1277 1064 1315 iam
1093 1277 1131 1315 in
1161 1279 1292 1325 quarto
1321 1277 1416 1315 libro
1446 1278 1628 1325 quodam-

150 1341 261 1378 modo
288 1342 601 1389 praeoccupatum
637 1352 716 1378 esse
750 1343 938 1388 appareat.
1001 1341 1061 1378 Ad
1099 1341 1345 1378 definiendam
1382 1341 1481 1378 enim
1517 1342 1626 1379 iusti-

150 1405 246 1476 tiam
274 1407 311 1444 et
338 1404 564 1444 iniustitiam
602 1404 694 1443 haec
722 1403 892 1443 Socrates
920 1404 1086 1454 disputat
1115 1404 1186 1455 (IV
1215 1405 1292 1443 443
1313 1404 1378 1455 C):
1428 1398 1483 1442 Τὸ
1511 1402 1556 1442 δέ
1584 1417 1626 1456 γε

148 1459 193 1519 ἦν
219 1460 305 1519 ἄρα,
337 1483 368 1505 ω
401 1463 602 1515 Γλαύκων,
642 1461 695 1505 δι
727 1482 748 1505 ο
775 1467 844 1505 καὶ
873 1461 1029 1519 ὠφελεῖ,
1058 1463 1220 1506 εἴδωλόν
1256 1483 1294 1505 τι
1329 1467 1397 1520 τῆς
1425 1464 1627 1506 δικαιοσί-

147 1545 222 1583 νης,
252 1525 298 1569 τὸ
327 1525 394 1569 τὸν
419 1529 492 1581 μὲν
519 1525 801 1580 σκυτοτομικὸν
827 1525 945 1584 φύσει
980 1523 1114 1582 ὀρθῶς
1142 1527 1242 1579 ἔχειν
1281 1534 1534 1580 σκυτοτομεῖν
1561 1545 1627 1569 και

148 1587 244 1631 ἄλλο
271 1594 393 1646 μηδὲν
419 1590 618 1645 πράττειν,
653 1590 721 1632 τὸν
749 1593 793 1632 δὲ
826 1589 1047 1632 τεκτονικὸν
1073 1593 1349 1632 τεκταίνεσθαι
1364 1625 1373 1642 ,
1409 1594 1477 1632 καὶ
1505 1586 1629 1633 τᾶλλα

147 1651 195 1710 δὴ
224 1650 355 1704 οὕτως.
415 1656 613 1696 Φαίνεται.
678 1652 734 1695 Τὸ
762 1657 807 1696 δέ
840 1671 882 1709 γε
909 1649 1059 1710 ἀληθὲς
1101 1656 1256 1696 τοιοῦτο
1291 1656 1362 1707 μέν
1395 1672 1435 1696 τι
1476 1649 1540 1710 ἦν,
1575 1652 1629 1704 ὡς

147 1736 282 1769 εοικεν,
311 1715 335 1773 ἢ
354 1717 592 1774 δικαιοσυνη,
621 1714 705 1760 ἆλλ
736 1715 781 1760 οὗ
799 1721 891 1773 περὶ
910 1717 978 1774 τὴν
998 1719 1072 1769 ε’ξω
1091 1721 1235 1774 πρᾶξιν
1261 1720 1339 1761 τῶν
1367 1716 1494 1769 αῧτοῦ,
1525 1715 1625 1761 αλλὰ

149 1783 243 1843 περὶ
270 1780 339 1838 τὴν
367 1780 475 1832 εντὸς
497 1779 550 1832 ὥς
577 1778 741 1838 ἀληθῶς
759 1784 852 1837 περὶ
882 1780 1018 1823 ἑαυτὸν
1045 1785 1112 1823 καὶ
1132 1781 1181 1824 τὰ
1210 1783 1357 1833 ἑαυτοῦ,
1385 1781 1440 1838 μή
1461 1781 1630 1824 ἕασαντα

146 1841 355 1900 ταλλὸτρια
382 1844 570 1900 πράττειν
598 1848 762 1887 ἕκαστον
801 1848 841 1887 ἕν
876 1843 981 1900 αὖτῶ
1013 1848 1114 1901 μηδὲ
1149 1850 1492 1901 πολυπραγμονεῖν
1527 1845 1628 1901 πρὸς

146 1903 293 1963 αλληλα
319 1907 368 1950 τὰ
406 1926 447 1950 εν
473 1911 520 1964 τῇ
549 1911 653 1964 ψυχῃ
681 1911 779 1965 γένη,
815 1905 916 1950 αλλὰ
950 1927 1005 1950 τω
1035 1905 1117 1951 όντι
1145 1908 1194 1951 τὰ
1230 1910 1356 1951 οἰκεῖα
1392 1927 1433 1951 ευ
1461 1912 1628 1962 θέμενον

145 1975 214 2013 καὶ
240 1967 408 2028 αρξανΐα
436 1990 551 2014 αῙΥῐΟν
578 1990 695 2015 αυτοῦ
722 1990 789 2014 ’καί
801 1971 1095 2049 νὶθσμήσανῖα.
1149 1991 1270 2028 ,τρία
1290 1990 1410 2015 Ονῖα.
1466 1991 1564 2015 ,καί
1593 1991 1627 2015 δι

145 2030 245 2078 αλλα
278 2054 378 2078 αττα
411 2034 555 2089 μεταξὺ
590 2034 765 2091 τυγχάνει
801 2032 913 2087 όντα,
953 2035 1085 2079 πάντα
1121 2039 1244 2079 ταῦτα
1283 2035 1520 2093 ξυνδήσαντα
1558 2040 1626 2079 καὶ

148 2098 407 2142 παντάπασιν
435 2102 502 2142 ἕνα
529 2098 728 2155 γενόμενον
766 2102 810 2142 ἐκ
845 2071 1014 2152 πολλῶν,
1052 2100 1238 2158 σώφρονα
1273 2104 1340 2143 καὶ
1373 2099 1625 2157 ἡρμοσμένον,

147 2160 247 2205 οῗτω
276 2162 323 2220 δὴ
353 2197 361 2205 .
393 2197 401 2205 .
433 2197 441 2205 .
481 2161 689 2220 ἡγούμενον
723 2167 792 2205 καὶ
831 2161 1069 2217 ὀνομάζοντα
1105 2166 1263 2206 δικαίαν
1297 2167 1370 2217 μὲν
1407 2169 1474 2206 καὶ
1509 2164 1629 2220 καλὴν

146 2229 290 2282 πρᾶξιν
317 2222 341 2284 ἢ
368 2224 415 2270 ἔν
433 2227 573 2284 ταύτην
591 2228 659 2284 τὴν
678 2230 758 2280 ἕξιν
785 2227 890 2285 σῴζῃ
911 2247 953 2271 τε
980 2231 1048 2271 καὶ
1069 2227 1413 2285 ξυναπεργάζηται,
1444 2231 1627 2286 σοφίαν

146 2293 198 2331 δὲ
244 2290 331 2347 τὴν
376 2294 756 2367 sswtovanrcofiom
799 2310 951 2348 ταυτῃ
996 2295 1051 2347 τῇ
1097 2291 1276 2347 πράξει
1324 2292 1606 2349 ἐπιστήμην

81 2353 90 2357 ”
146 2349 287 2398 ἄδικον
315 2357 359 2398 δὲ
387 2350 581 2411 πρᾶξιν“
558 2375 581 2413 η
607 2374 655 2398 αν
681 2352 742 2399 ἇει
770 2374 910 2413 ταυτην
927 2354 1012 2413 λύῃ,
1036 2352 1265 2410 ἇμαθίαν
1292 2359 1343 2399 δὲ
1371 2356 1455 2414 τὴν
1481 2356 1626 2412 ταύτῃ

147 2413 203 2460 αὗ
231 2421 612 2462 ἐπιστατοῦσαν
646 2419 808 2472 δόξαν.
876 2425 995 2472 Quem
1023 2427 1149 2464 locum
1178 2437 1244 2464 nos
1273 2427 1422 2474 quidem
1451 2437 1523 2464 non
1552 2437 1626 2463 uno

145 2488 293 2526 nomine
322 2489 478 2538 dignum
505 2491 681 2537 putamus
717 2490 780 2537 qui
813 2490 1030 2539 diligentius
1070 2490 1311 2528 examinetur.
1366 2491 1497 2537 Neque
1526 2490 1625 2527 enim
