1786 2742
832 75 883 111 44

112 200 168 237 hi:
213 200 251 236 II
294 201 372 238 369
411 201 454 238 A.
499 201 572 239 371
614 201 656 239 Ε.
707 202 783 239 372
827 201 870 239 Ε.
926 202 1003 239 376
1046 202 1091 239 D.
1144 202 1197 238 IV
1239 202 1316 239 420
1349 202 1394 239 B.
1441 202 1518 239 427
1551 201 1597 238 D.

108 264 186 301 443
217 262 256 301 C.
314 263 415 311 Quos
444 265 508 303 ubi
541 265 827 315 inspexerimus,
856 265 1015 303 dubium
1044 265 1202 304 fortasse
1230 265 1301 304 erit
1337 276 1387 303 an
1429 264 1596 303 Krohnio

110 328 372 366 assentiamur.
447 329 616 368 Profecto
654 330 755 368 enim
791 340 887 378 quae
931 329 1040 368 Plato
1082 331 1168 368 ante
1201 329 1255 367 IV
1293 330 1371 367 420
1407 329 1439 367 B
1469 329 1514 368 de
1541 329 1599 367 in-

107 393 239 430 stituto
275 405 342 431 suo
376 396 562 432 memorat
597 395 651 432 ita
688 396 904 444 comparata
932 396 1023 432 sunt
1049 394 1177 432 omnia
1209 395 1253 432 ut
1279 393 1445 432 iustitiae
1474 395 1513 433 et
1539 393 1595 432 in-

106 456 273 496 iustitiae
309 458 348 495 in
390 457 522 496 eadem
559 458 708 497 civitate
745 458 858 497 simul
900 458 1147 507 exquirendae
1189 457 1384 496 consilium
1424 469 1512 507 prae
1555 469 1595 496 se

105 521 237 559 ferant.
300 522 408 569 Quod
435 522 489 559 IV
517 523 596 561 420
626 523 657 560 Β
686 525 837 572 repente
874 523 1072 561 immutari
1099 522 1257 561 videtur.
1318 522 1464 561 Relicta
1491 522 1593 561 enim

105 585 249 622 ratione
277 586 442 624 iustitiae
471 588 510 624 et
536 587 743 624 iniustitiae
778 588 818 624 in
846 598 921 625 una
950 587 1040 625 urbe
1070 586 1352 633 investigandae
1380 586 1475 624 duas
1505 586 1593 624 civ-i-

105 650 203 686 tates
246 649 411 687 diversas
453 650 639 699 proponit,
682 661 843 699 quarum
888 661 932 689 ex
975 650 1093 688 altera
1136 661 1253 699 eaque
1294 661 1410 699 quam
1453 649 1594 699 optima

104 712 302 758 iustitiam,
332 725 375 751 ex
404 713 523 752 altera
550 714 713 764 pessima
742 714 1020 764 improbitatem
1048 715 1211 764 repetere
1241 714 1448 753 constituit.
1512 714 1610 752 Hoc-

104 777 219 826 igitur
265 777 424 816 Krohnii
470 778 653 817 iudicium
700 778 846 817 videtur
892 778 1122 817 confirmare.
1194 777 1266 817 Sed
1315 790 1388 817 non
1436 778 1593 828 paulum

103 842 289 879 miramur
321 842 583 892 philosophum
620 842 673 881 IV
701 843 778 880 427
808 843 843 879 D
881 843 926 880 de
968 843 1166 891 improviso
1203 842 1251 880 ad
1293 843 1463 891 superius
1506 853 1593 880 con·

104 905 231 944 silium
264 906 410 952 reverti,
450 918 537 945 cum
577 906 809 946 Glauconem
845 906 1045 946 admoneat
1080 908 1124 945 ut
1158 906 1292 945 auxilio
1329 906 1481 946 adiutus
1516 918 1593 946 ser-

102 970 224 1007 monis
260 971 444 1008 sociorum
479 971 614 1009 acriter
648 971 926 1020 circumspiciat
966 972 1006 1008 in
1048 971 1198 1009 civitate
1239 971 1425 1009 iustitiam
1462 972 1499 1009 et
1536 971 1593 1008 in-

101 1034 290 1072 iustitiam
318 1034 385 1072 ubi
414 1034 501 1072 sint.
559 1034 666 1082 Quod
693 1035 904 1073 Krohnium
932 1023 1074 1084 fugisse
1102 1046 1223 1084 neque
1251 1035 1335 1084 plus
1364 1035 1481 1073 semel
1506 1034 1593 1073 Pla-

103 1099 231 1135 tonem
277 1098 393 1136 videri
439 1099 638 1136 consilium
685 1100 891 1137 mutavisse
938 1111 1051 1137 suum
1099 1110 1330 1147 quamquam
1379 1098 1471 1136 vidit
1512 1098 1590 1136 iam

103 1161 297 1200 Kunertus
337 1161 386 1211 (p.
417 1162 497 1212 28),
534 1163 663 1200 tamen
700 1164 800 1201 errat
826 1163 864 1200 in
899 1162 952 1201 eis
981 1173 1076 1211 quae
1105 1162 1219 1200 addit.
1284 1161 1462 1200 Concedit
1489 1162 1590 1200 enim

101 1225 268 1263 Krohnio
298 1227 410 1264 verba
440 1226 604 1265 Socratis
633 1227 686 1264 IV
715 1228 793 1264 420
823 1227 854 1264 Β
886 1226 914 1264 Ο
952 1218 1170 1277 ὦήθημεν
1207 1220 1289 1276 γὰρ
1327 1223 1372 1263 ἐν
1406 1223 1454 1278 τῇ
1486 1239 1590 1264 τοι-

102 1302 217 1362 αὐτῇ
245 1282 432 1338 μαλίσϊ
461 1304 514 1327 αν
541 1283 697 1340 ὂυρδῖν
724 1285 1027 1341 δικαιοσυνην
1045 1303 1125 1327 και
1151 1280 1205 1327 αἱ
1234 1302 1280 1327 δν
1307 1287 1359 1341 τῇ
1386 1284 1591 1327 ’κάκιστα

100 1349 353 1404 οἰκουμένῃ
381 1346 590 1400 ἇὸικίαν,
626 1348 850 1399 κατιδόντες
878 1352 922 1391 δὲ
951 1356 1079 1404 κρῖναι
1107 1368 1155 1391 αν
1184 1367 1204 1391 ο
1233 1348 1362 1391 πάλαι
1392 1352 1586 1405 ζητοῦμεν.

95 1414 169 1454 νῦν
205 1414 289 1465 μὲν
327 1407 413 1463 οὖν,
457 1410 511 1463 ὥς
548 1411 737 1466 οἰόμεθα,
781 1411 860 1470 τὴν
896 1409 1153 1466 εὐδαίμονα
1190 1410 1475 1466 πλάττομεν,
1521 1409 1590 1455 οὖν.

97 1473 368 1530 απολαβὸντες
406 1474 559 1532 ὀλίγους
587 1480 628 1519 ἐν
656 1474 751 1534 αὐτῇ
778 1476 981 1527 τοιούτους
1017 1475 1126 1527 τινὰς
1153 1479 1343 1528 τιθέντες,
1373 1473 1458 1519 ἀλλ’
1488 1474 1588 1534 όλην·

99 1538 270 1582 αὐτίκα
306 1543 356 1583 δὲ
394 1539 477 1597 τὴν
514 1544 730 1583 ἐναντίαν
766 1540 1051 1597 σκεψόμεθα
1093 1557 1180 1583 cum
1218 1546 1467 1594 superioribus
1498 1557 1590 1594 pug—

101 1621 201 1648 nare.
260 1610 303 1647 In
332 1622 404 1658 quo
432 1621 567 1659 parum
596 1611 792 1659 perpendit
820 1610 918 1659 quod
946 1610 1134 1648 adiectum
1164 1611 1221 1648 est
1244 1603 1439 1658 μάλιστα,-
1467 1622 1587 1659 neque

99 1674 198 1711 enim
235 1674 474 1723 philosophus
511 1674 548 1711 in
585 1674 651 1712 tali
690 1674 841 1712 civitate
880 1674 1030 1723 qualem
1068 1674 1231 1712 oratione
1268 1674 1416 1712 finxerit
1442 1685 1586 1712 meram

99 1737 221 1775 inesse
250 1738 436 1775 iustitiam
465 1749 509 1776 ac
536 1738 726 1783 virtutem,
756 1738 982 1776 iniustitiam
1011 1749 1055 1775 ac
1081 1737 1267 1785 flagitium
1287 1737 1437 1775 omnino
1457 1738 1587 1776 abesse

99 1802 299 1848 contendit,
338 1802 402 1841 sed
438 1814 522 1841 eam
558 1814 687 1841 omnes
726 1814 821 1852 quae
858 1802 935 1841 sint
968 1804 1035 1840 aut
1063 1802 1217 1851 cogitari
1246 1802 1391 1852 possint
1418 1801 1587 1841 civitates

99 1868 238 1904 virtute
267 1879 311 1904 ac
339 1868 524 1916 probitate
553 1869 662 1914 longe
701 1879 886 1916 superare,
923 1870 966 1905 ut
994 1867 1157 1916 perfecta
1185 1867 1353 1905 iustitiae
1382 1867 1521 1916 species
1548 1867 1587 1905 in

99 1930 201 1968 nulla
230 1930 368 1968 clarius
398 1932 511 1980 atque
541 1930 749 1969 evidentius
778 1931 937 1980 perspici
967 1932 1090 1979 queat.
1155 1930 1346 1967 Nimirum
1374 1930 1447 1968 nisi
1474 1930 1513 1968 in
1542 1941 1586 1968 ea

97 1995 335 2043 aliquantum
374 1996 490 2033 etiam
526 1995 775 2043 improbitatis
803 1997 841 2033 et
876 1995 1187 2044 intemperantiae
1219 1997 1436 2043 emergeret,
1464 1995 1588 2033 custo·

98 2057 208 2094 dibus
252 2058 316 2106 qui
359 2058 406 2095 ad
449 2058 613 2095 libidinis
655 2058 991 2106 immodestiaeque
1038 2058 1231 2095 lasciviam
1278 2058 1586 2106 compescendam

97 2122 262 2160 instituti
300 2123 389 2160 sunt
425 2122 544 2160 otium
580 2124 679 2160 esset
707 2122 786 2161 sine
815 2121 999 2171 dignitate
1036 2121 1248 2160 fruendum.
1314 2120 1387 2160 Sed
1416 2132 1503 2159 cum
1530 2120 1587 2159 in·

98 2186 243 2223 iustitia
272 2186 310 2223 in
339 2186 506 2234 pessima
540 2186 690 2224 civitate
719 2186 840 2223 multo
869 2186 992 2233 magis
1021 2197 1137 2234 quam
1164 2186 1202 2223 in
1231 2185 1373 2234 optima
1401 2187 1585 2230 cernatur,

96 2262 330 2300 quamquam
363 2263 411 2290 ne
449 2262 493 2290 ex
532 2250 602 2289 hac
640 2250 794 2300 quidem
832 2250 942 2301 plane
980 2249 1182 2300 exstirpata
1220 2250 1296 2296 est,
1338 2260 1449 2288 nemo
1486 2250 1586 2289 certe

91 2315 306 2363 philosopho
358 2316 439 2352 iure
486 2316 761 2363 exprobraverit
802 2315 900 2363 quod
942 2316 1089 2363 praeter
1129 2314 1338 2363 opinionem
1380 2314 1585 2352 iniustitiae

91 2379 339 2419 illustrandae
383 2390 499 2419 causa
541 2379 752 2429 improbam
794 2378 987 2418 civitatem
1029 2379 1211 2429 proponat
1257 2388 1416 2428 eamque
1462 2377 1584 2417 iustae

90 2444 328 2491 optimaeque
343 2455 386 2480 ex
402 2443 555 2480 adverso
571 2444 788 2480 constituat.
841 2443 972 2490 Neque
997 2443 1097 2480 enim
1112 2454 1134 2480 a
1148 2443 1267 2491 priore
1282 2443 1426 2480 ratione
1441 2443 1496 2480 ita
1510 2443 1586 2480 dis-

95 2507 193 2547 cedit
215 2509 259 2546 ut
280 2507 320 2546 in
345 2506 494 2547 civitate
518 2508 605 2546 ante
625 2506 811 2558 descripta
832 2507 870 2546 et
883 2505 1069 2545 iustitiam
1084 2508 1122 2545 et
1136 2505 1360 2545 iniustitiam
1376 2505 1489 2545 simul
1504 2516 1585 2545 esse
