1786 2742
804 73 855 109 49

95 200 314 241 iniustitiae.
379 199 486 248 Quod
521 210 759 249 nequaquam
800 198 901 244 fieri;
939 198 1056 236 immo
1083 199 1168 237 uter
1196 198 1246 236 sit
1273 197 1424 244 beatior,
1453 197 1577 236 iustus

95 277 145 305 an
182 265 369 310 iniustus,
410 264 530 303 denuo
564 262 692 313 quaeri
730 263 837 313 (VIII
865 263 942 301 543
972 262 1029 313 O).
1092 263 1263 312 Denique
1290 263 1361 301 hac
1389 262 1435 300 ad
1464 263 1577 300 finem

95 329 277 381 perducta
314 329 567 379 disputatione
603 339 687 367 eam
723 327 880 366 inveniri
914 327 1002 365 libri
1038 327 1158 365 octavi
1196 328 1357 376 nonique
1386 338 1576 365 summam

98 396 143 433 ut
169 394 333 432 iniustus
361 394 459 432 iusto
486 393 634 431 dicatur
662 392 793 431 multis
812 392 980 442 partibus
1008 403 1089 430 esse
1117 391 1295 430 infelicior
1324 392 1373 441 (p.
1403 392 1483 442 35).

206 457 280 497 Sed
308 458 398 508 quid
425 457 514 496 velit
542 457 703 507 amplius
739 468 812 495 non
848 456 1022 506 intellego
1050 456 1233 506 equidem.
1289 456 1456 495 Profecto
1475 456 1577 494 enim

98 524 130 562 si
167 534 241 561 non
277 522 317 561 id
359 522 497 561 dicitur
533 522 698 560 iustitiae
734 523 801 560 aut
836 522 1041 560 iniustitiae
1077 533 1168 571 opus
1205 523 1249 560 ut
1283 521 1401 560 altera
1438 521 1578 566 beatos,

98 588 216 626 altera
242 587 398 626 miseros
427 586 596 625 homines
623 585 773 632 reddat,
810 586 874 635 qui
913 586 1007 624 alius
1036 596 1167 625 earum
1194 587 1315 635 potest
1343 585 1494 624 effectus
1522 586 1580 622 in-

99 651 249 690 veniri?
302 650 434 700 Itaque
462 651 521 689 his
549 650 702 700 quidem
721 650 869 689 omissis
889 650 936 688 ad
955 650 1140 700 reliquam
1167 650 1458 700 disputationem
1476 649 1577 687 illius

99 714 389 754 examinandam
416 714 691 764 progredimur.-

206 789 306 830 Nam
345 791 523 840 quintum
560 801 707 840 quoque
752 789 889 829 librum
926 800 949 828 a
983 788 1176 840 principali
1209 788 1449 840 Reipublicae
1497 800 1578 839 pro-

99 855 217 904 posito
245 857 283 893 et
310 856 534 904 argumento
570 854 739 893 alienum
767 865 848 893 esse
877 856 989 903 atque
1016 854 1114 892 inter
1150 855 1290 892 ceteros
1320 854 1411 892 satis
1439 854 1578 892 incom-

97 918 206 957 mode
248 920 377 969 postea
416 918 658 958 interiectum
700 919 827 957 censet
869 917 919 967 (p.
953 917 1030 968 33).
1097 916 1217 966 Quem
1258 918 1312 956 ita
1349 917 1579 957 iudicantem

100 993 332 1031 quamquam
369 983 409 1020 111
437 984 563 1031 aperto
601 984 670 1027 est,
707 993 794 1020 cum
829 982 938 1031 paulo
973 983 1060 1020 ante
1090 981 1139 1030 (p.
1170 983 1235 1031 26)
1273 982 1384 1020 libros
1414 981 1579 1019 II——VII

101 1057 123 1083 a
150 1045 316 1084 Krohnio
345 1047 539 1084 secunctos
575 1046 683 1094 quasi
710 1056 832 1083 unum
860 1056 993 1094 corpus
1026 1044 1169 1084 efficere
1206 1046 1318 1094 atque
1347 1045 1437 1083 adeo
1467 1056 1579 1083 aeneo

100 1110 198 1148 inter
225 1121 265 1148 se
292 1109 439 1148 vinculo
476 1121 587 1148 nexos
620 1120 701 1148 esse
730 1109 951 1148 concesserit
984 1108 1158 1158 idemque
1194 1121 1227 1158 p.
1258 1109 1308 1147 37
1351 1111 1389 1147 et
1417 1109 1466 1146 29
1496 1120 1581 1147 con-

20 1211 23 1215 ,
100 1175 244 1212 81611161
270 1175 426 1223 repetat,
455 1185 477 1212 a
506 1185 545 1211 se
572 1174 696 1223 ipsum
715 1184 792 1211 non
819 1173 1055 1211 mediocriter
1073 1173 1263 1218 dissidere,
1291 1174 1420 1211 tamen
1440 1173 1576 1221 quibus

99 1238 305 1276 rationibus
336 1238 562 1276 sententiam
590 1249 699 1276 suam
738 1237 905 1276 stabiliat
933 1236 1097 1286 quidque
1126 1237 1170 1276 de
1206 1238 1259 1276 eis
1288 1237 1579 1275 existimandum

102 1302 151 1340 sit
178 1302 307 1351 paucis
335 1302 540 1341 videamus.

206 1366 339 1414 Itaque
374 1366 436 1404 ille
472 1377 495 1403 a
532 1366 612 1403 1000
648 1365 700 1402 IV
739 1365 817 1403 420
857 1366 888 1402 Β
902 1364 941 1410 Ο,
978 1365 1023 1403 de
1061 1377 1133 1413 quo
1170 1366 1248 1403 iam
1285 1367 1371 1403 ante
1406 1365 1578 1410 diximus,

100 1428 286 1479 profectus
326 1440 401 1467 non
432 1429 533 1467 hunc
570 1430 722 1467 tantum
759 1428 893 1466 statuit
928 1428 1139 1478 posterioris
1174 1429 1350 1478 temporis
1387 1440 1479 1474 esse,
1519 1429 1583 1467 sed

104 1493 204 1532 idem
222 1494 345 1532 valere
373 1493 419 1531 ad
448 1495 569 1531 totum
596 1493 773 1542 primum,
801 1493 840 1530 in
870 1504 942 1541 quo
969 1493 1190 1539 inveniatur,
1219 1493 1305 1531 libri
1324 1493 1447 1542 quarti
1467 1496 1581 1542 caput

103 1556 153 1606 (p.
184 1557 264 1608 29).
316 1555 390 1604 Qui
417 1568 505 1595 cum
533 1557 586 1595 sic
613 1556 785 1606 incipiat:
837 1553 886 1593 Τι’
914 1546 988 1603 οὖν,
1020 1547 1051 1594 ὦ
1081 1551 1294 1608 Σώκρατες,
1324 1549 1578 1609 ἇπολογήσει,

100 1614 186 1658 ἐάν
226 1617 305 1666 τίς
346 1632 399 1658 σε
440 1617 505 1672 φῇ
545 1614 605 1672 μὴ
646 1614 779 1658 πάνυ
820 1612 1122 1669 εὗδαίμονας
1163 1622 1335 1658 ποιεῖν
1375 1634 1583 1666 τουτους

99 1677 217 1728 τοὺς
243 1675 433 1734 ανδρας
452 1683 517 1732 (sc.
537 1677 627 1729 τοὺς
653 1677 859 1735 φυλακας),
887 1682 957 1721 καὶ
984 1681 1106 1721 ταῦτα
1133 1676 1186 1721 δι’
1216 1678 1383 1731 ἑαυτους,
1415 1672 1468 1721 ὧν
1495 1682 1582 1722 ἐστι

102 1745 176 1796 μὲν
192 1740 216 1800 ἡ
234 1741 355 1794 πόλις
367 1744 414 1800 τῇ
429 1738 610 1800 ἀληθείᾳ,
632 1761 670 1786 οι
685 1745 730 1786 δὲ
746 1745 868 1800 μηδὲν
886 1739 1152 1787 ἆπολαυουσιν
1170 1740 1328 1800 ἀγαθοῦ
1345 1746 1414 1800 τῆς
1428 1742 1583 1795 πόλεως

104 1804 189 1850 οἷον
215 1803 328 1850 ἄλλοι
355 1809 435 1850 κτὲ.
448 1842 457 1858 ,
493 1812 600 1850 valde
634 1813 704 1850 sibi
738 1812 853 1850 videri
891 1813 1079 1861 probabile
1114 1813 1296 1851 iudicium
1330 1814 1415 1851 libri
1451 1813 1581 1852 fecisse

103 1876 331 1926 quempiam,
368 1875 474 1915 cuius
502 1875 690 1915 refutandi
717 1887 833 1915 causa
860 1876 968 1915 Plato
1000 1876 1093 1915 haec
1121 1877 1229 1916 alteri
1257 1877 1409 1915 editioni
1436 1877 1582 1917 inseru-

103 1939 183 1977 erit.
239 1938 346 1986 Quod
373 1940 417 1976 ut
454 1939 668 1987 opinaretur
708 1934 868 1988 profecto
903 1951 1099 1988 nunquam
1135 1942 1234 1978 esset
1271 1940 1472 1986 adductus,
1509 1941 1581 1979 nisi

102 2001 244 2042 falsum
259 2002 304 2042 de
319 2002 372 2042 IV
386 2002 465 2042 420
480 2002 513 2041 Β
529 2001 557 2042 Ο
572 2002 602 2041 Ε
617 2002 799 2042 iudicium
816 2003 983 2053 proxima
998 2015 1143 2053 quoque
1159 2006 1331 2054 suspecta
1349 2004 1582 2044 reddidisset.

93 2065 175 2104 ⁴Sed
202 2066 297 2105 illud
325 2077 440 2115 quam
468 2067 517 2104 sit
544 2067 622 2104 leve
658 2077 702 2104 ac
728 2077 872 2104 vanum
899 2078 988 2104 cum
1016 2069 1054 2105 et
1080 2068 1127 2105 iis
1156 2079 1251 2116 quae
1280 2071 1391 2107 antea
1418 2069 1580 2107 diximus

102 2130 231 2178 sponte
258 2131 446 2179 appareat,
473 2131 558 2168 tum
576 2129 610 2167 V
629 2129 707 2167 453
734 2129 838 2168 iuvat
857 2130 1028 2179 allegare,
1058 2142 1131 2180 quo
1158 2131 1237 2170 1000
1259 2131 1430 2171 Socrates
1450 2132 1580 2171 eodem

103 2192 179 2231 fere
205 2193 315 2231 modo
343 2194 641 2232 adversariorum
668 2196 891 2241 argumenta
918 2194 1055 2242 quibus
1083 2195 1201 2244 ipsius
1229 2196 1415 2234 rationem
1441 2208 1581 2246 oppug-

105 2267 197 2296 nare
238 2257 383 2308 possint
416 2257 454 2297 in
481 2256 649 2297 medium
685 2255 803 2304 affert,
839 2257 894 2296 ita
931 2259 975 2297 ut
1015 2258 1167 2298 illorum
1208 2261 1332 2310 partes
1375 2260 1580 2311 suscepisse

102 2321 284 2360 videatur.

207 2383 316 2433 Quod
354 2385 386 2424 si
422 2385 664 2434 probabiliter
701 2384 994 2434 disputavimus,
1031 2398 1078 2425 ne
1117 2388 1187 2425 hoc
1224 2387 1375 2436 quidem
1413 2388 1581 2427 Kunerto

104 2448 383 2487 001106116111111111
409 2450 477 2494 681,
502 2460 597 2497 111166
621 2448 654 2486 V
673 2448 750 2487 465
773 2448 803 2486 Ε
825 2448 1056 2488 disserantur
1078 2462 1101 2489 6
1124 2450 1296 2490 Socrate:
1333 2449 1583 2502 μέμνησαι

102 2523 198 2559 ουν,
227 2501 367 2564 ἧνδΗ
347 2505 436 2564 εγώ,
466 2503 547 2550 ὅτι
575 2509 623 2550 ἐν
649 2513 761 2558 τοῖς
788 2505 1016 2564 πρόσθεν
1043 2506 1127 2552 οὐκ
1155 2507 1311 2553 0ἶὸοιε
1298 2507 1415 2553 ότου
1437 2509 1584 2567 λόγος

1360 2581 1384 2617 4
