1786 2742
866 42 915 79 41

148 180 275 208 merus
313 181 356 207 ex
392 181 437 207 ea
471 170 672 214 eiceretur,
699 180 747 207 ne
782 168 957 218 opificum
991 168 1142 217 quidem
1170 168 1425 207 condicionem
1453 169 1491 205 in
1520 168 1631 205 refor-

149 232 289 271 manda
322 233 542 272 educatione
580 232 841 282 philosophum
879 232 1086 281 neglexisse
1134 233 1211 271 iam
1252 232 1395 270 dudum
1428 232 1496 269 viri
1532 232 1629 269 docti

149 296 321 335 viderunt
356 296 417 346 (cf.
456 296 575 335 Zeller
601 309 637 346 p.
682 297 785 346 770).
853 295 1093 345 Quamquam
1120 297 1287 334 Krohnio
1316 297 1455 334 mirum
1482 296 1630 333 videtur

150 359 200 410 (d.
228 361 279 410 pl.
309 359 363 399 St.
392 373 428 411 p.
458 361 537 411 39),
575 372 663 399 cum
698 362 819 400 rectae
857 360 1086 401 educationis·
1120 361 1177 399 vis
1206 360 1253 399 ad
1281 360 1373 399 bene
1402 360 1629 409 honesteque

147 424 347 463 vivendum
380 425 586 474 plurimum
622 425 743 464 valere
783 437 892 474 saepe
928 425 997 474 (IV
1034 426 1112 463 425
1141 425 1176 462 D
1213 425 1315 475 alibi)
1354 425 1510 469 dicatur,
1546 435 1629 462 eam

148 488 257 527 tertio
284 488 405 528 ordini
432 501 478 528 ne
506 490 707 528 minimum
735 489 885 539 quidem
914 489 1091 535 adhiberi,
1128 490 1180 528 ita
1208 491 1251 527 ut
1277 490 1406 539 postea
1434 489 1494 527 vix
1520 488 1632 527 intel-

149 553 296 600 legatur
323 552 422 590 unde
450 553 719 602 temperantiae
749 548 1045 604 (σωφροσύνης),
1074 564 1169 601 quae
1198 553 1231 591 ei
1259 564 1335 590 una
1362 553 1480 590 virtus
1507 553 1630 601 impu-

148 618 259 663 tetur,
302 623 452 667 compos
486 628 567 657 esse
602 617 730 667 possit.
800 616 875 656 Sed
908 628 955 657 ne
992 616 1212 656 tenuissima
1248 616 1399 666 quidem
1436 615 1629 666 disciplina

148 681 286 719 licebat
325 682 472 730 opifices
514 682 766 730 agricolasque
807 682 944 723 imbui,
989 693 1077 720 cum
1111 684 1268 729 cognata
1303 682 1483 720 haberent
1517 683 1555 719 et
1588 681 1627 718 in

148 743 273 782 animo
300 737 347 782 τὸ
375 738 677 796 ἐπιθυμητικόν,
716 744 813 794 quod
847 756 921 783 non
963 745 1129 783 doctrina
1166 747 1278 794 atque
1319 744 1534 788 eruditione,
1563 744 1628 781 sed

148 809 301 857 reliquis
330 809 446 848 animi
472 810 715 849 facultatibus
743 811 942 856 coercetur,
971 811 1009 848 et
1035 809 1073 848 in
1102 809 1240 848 mundo
1260 821 1320 848 res
1349 809 1520 848 sensibus
1541 808 1628 847 sub-

147 872 262 911 iectas
305 884 328 911 a
369 884 457 911 vera
498 873 702 922 cognitione
743 873 895 912 alienas.
966 873 1141 922 Superior
1176 885 1259 911 vero
1294 873 1493 911 custodum
1528 872 1628 917 ordo,

149 936 255 975 cuius
282 936 322 975 id
348 937 567 987 perhibetur
594 949 734 976 munus
762 939 806 976 ut
832 937 1043 987 principum
1071 937 1251 976 mandata
1280 938 1514 986 exsequatur,
1544 948 1628 975 con-

149 1001 283 1039 similis
311 1003 387 1046 est,
425 1002 456 1040 si
484 1002 654 1040 animum
681 1003 912 1051 spectamus,
940 1002 1027 1047 irae,
1057 1003 1090 1040 si
1117 1004 1239 1040 totum
1267 1002 1451 1039 mundum
1478 1001 1630 1050 respici-

147 1076 246 1110 mus,
284 1065 318 1104 ei
352 1066 452 1115 parti
486 1077 582 1115 quae
618 1065 753 1104 animis
789 1066 1010 1105 continetur.
1066 1067 1189 1115 Atque
1217 1067 1261 1104 ut
1287 1058 1418 1114 θυμός
1446 1066 1627 1114 cognatus

150 1129 301 1177 quidem
329 1131 367 1168 et
393 1130 622 1179 propinquus
650 1130 795 1176 rationi,
823 1131 917 1168 ratio
946 1142 1029 1169 vero
1057 1130 1139 1179 ipsa
1159 1142 1231 1168 non
1260 1131 1318 1168 est
1345 1131 1383 1168 et
1409 1131 1453 1167 ut
1480 1129 1628 1167 animus

150 1204 380 1243 quamquam
408 1193 501 1232 ideis
530 1193 740 1233 simillimus
761 1194 907 1240 dicitur,
935 1205 1173 1244 nequaquam
1201 1196 1329 1232 tamen
1354 1204 1441 1231 cum
1469 1193 1522 1231 eis
1542 1204 1630 1231 con-

147 1257 264 1305 gruit,
303 1257 355 1295 sic
394 1258 566 1296 custodes
604 1270 760 1307 quoque,
790 1270 948 1307 quorum
974 1260 1215 1308 praecipuum
1243 1259 1282 1296 in
1311 1270 1351 1296 eo
1380 1260 1548 1296 versatur
1576 1258 1627 1295 of-

148 1320 277 1359 ficium
314 1323 358 1359 ut
393 1333 488 1370 quae
523 1322 708 1371 principes
736 1323 821 1360 urbi
847 1322 923 1361 fore
953 1323 1132 1361 salutaria
1162 1324 1311 1372 sperent
1347 1323 1475 1360 contra
1502 1321 1626 1359 inimi-

148 1396 211 1422 cas
240 1385 414 1435 opificum
452 1386 674 1435 cupiditates
711 1389 982 1436 persequantur
1019 1398 1063 1425 ac
1089 1387 1292 1436 perficiant,
1321 1398 1407 1424 cum
1436 1386 1543 1423 tertio
1570 1397 1628 1424 or-

148 1450 233 1489 dine
261 1450 432 1500 potiores,
460 1451 577 1501 primo
605 1451 793 1491 inferiores
823 1452 908 1498 sint,
945 1452 1082 1491 debent
1109 1451 1261 1501 quidem
1289 1451 1492 1490 eruditione
1520 1450 1627 1489 insti-

147 1514 213 1559 tui,
243 1526 317 1563 qua
345 1515 440 1552 fabri
468 1517 506 1553 et
533 1516 692 1554 cultores
727 1518 806 1554 tota
843 1519 979 1561 carent,
1009 1517 1073 1554 sed
1102 1529 1174 1554 non
1202 1528 1246 1554 ea
1280 1527 1355 1564 qua
1383 1527 1486 1563 reges
1515 1515 1628 1553 infor-

147 1579 309 1616 mantur.
365 1578 414 1615 Hi
442 1579 553 1623 enim,
581 1581 625 1617 ut
653 1579 809 1618 eandem
828 1579 1112 1618 similitudinem
1140 1590 1418 1629 persequamur,
1449 1579 1625 1628 quoniam

147 1644 236 1680 sunt
262 1642 301 1680 in
328 1642 457 1681 eodem
485 1655 557 1692 quo
584 1637 630 1681 τὸ
657 1638 881 1694 λογιστικόν
904 1646 941 1683 et
959 1644 1064 1683 ideae
1083 1645 1230 1689 honore,
1249 1655 1336 1682 vera
1350 1655 1473 1682 rerum
1503 1643 1628 1691 cogni-

144 1706 243 1744 tione
262 1706 370 1755 potiri
389 1706 535 1752 debent,
564 1709 607 1745 ut
634 1707 793 1745 aeternis
811 1708 904 1746 iusti
922 1709 1081 1757 bonique
1109 1711 1147 1746 et
1174 1708 1292 1746 omnis
1321 1708 1469 1745 virtutis
1497 1707 1625 1745 formis

144 1769 341 1818 diligenter
378 1771 581 1819 perspectis
618 1772 890 1820 rempublicam
925 1772 1096 1821 civesque
1134 1772 1181 1810 ad
1222 1783 1285 1810 eas
1327 1782 1544 1820 componere
1582 1782 1626 1808 ac

143 1833 327 1872 moderari
355 1834 541 1874 studeant.
599 1834 766 1883 Quorum
791 1847 878 1874 cum
897 1836 1034 1874 milites
1063 1836 1249 1874 adiutores
1269 1837 1419 1874 tantum
1447 1834 1627 1873 ministri-

143 1910 215 1947 que
243 1898 328 1944 sint,
356 1911 430 1937 non
458 1901 570 1948 egent
596 1900 679 1949 ipsa
707 1912 781 1949 qua
809 1901 866 1939 illi
894 1901 1080 1939 excellunt
1100 1901 1340 1950 philosophia,
1370 1900 1433 1938 sed
1462 1901 1531 1938 hoc
1558 1912 1623 1949 po-

142 1961 333 2000 tissimum
361 1973 489 2001 eorum
518 1963 719 2001 eruditione
749 1964 937 2012 appetitur
970 1967 1014 2001 ut
1049 1964 1096 2001 ad
1134 1964 1403 2001 continentiam
1430 1964 1624 2001 oboedien-

142 2025 307 2074 tiamque
346 2028 383 2064 et
419 2025 467 2064 ad
502 2027 758 2065 fortitudinem
796 2028 1021 2066 excolantur.
1088 2027 1211 2075 Quare
1239 2028 1490 2066 instituuntur
1517 2039 1625 2076 gym-

141 2089 295 2128 nasticis
338 2092 375 2129 et
415 2090 568 2129 musicis
604 2090 765 2136 artibus,
804 2091 938 2140 quibus
968 2093 1124 2141 apparet
1152 2103 1212 2129 eos
1241 2103 1315 2129 non
1344 2091 1391 2129 ad
1420 2091 1625 2140 perfectam

140 2154 336 2200 virtutem,
374 2155 511 2204 quippe
544 2167 639 2204 quae
667 2156 706 2193 in
735 2156 813 2194 sola
841 2156 1024 2206 sapientia
1051 2158 1239 2201 versetur,
1276 2168 1383 2205 posse
1412 2156 1530 2201 evehi,
1560 2156 1624 2194 sed

140 2217 188 2256 ad
215 2218 440 2257 mediocrem
474 2219 579 2257 illam
617 2221 654 2258 et
687 2220 881 2268 vulgarem
919 2222 956 2259 et
982 2221 1023 2258 in
1051 2220 1220 2270 opinione
1250 2231 1335 2259 vera
1366 2212 1483 2271 (ὀρθὴ
1513 2213 1624 2268 δόξα)

142 2282 315 2332 positam.

244 2357 308 2396 Eis
347 2369 442 2407 quae
485 2359 609 2398 adhuc
641 2360 903 2410 explicavimus
942 2360 972 2397 si
1000 2371 1073 2398 non
1101 2361 1178 2398 iam
1206 2347 1364 2398 dubium
1391 2360 1614 2408 relinquitur

139 2423 235 2470 quin
264 2422 490 2472 reipublicae
510 2424 698 2473 exemplar
725 2424 764 2462 in
783 2424 914 2473 primis
929 2424 1086 2462 Politiae
1108 2424 1213 2462 libris
1233 2424 1399 2462 effictum
1428 2425 1558 2473 aptum
1578 2423 1626 2462 sit

137 2497 157 2525 e
193 2486 361 2525 doctrina
401 2487 591 2534 idearum,
628 2500 701 2537 quo
738 2499 910 2527 concesso
947 2488 1077 2537 utique
1114 2488 1264 2527 dissolvi
1293 2488 1549 2527 Krohnianam
1578 2487 1623 2526 de
