<?xml version="1.0" encoding="UTF-8"?>
<!DOCTYPE html PUBLIC "-//W3C//DTD XHTML 1.0 Transitional//EN"
    "http://www.w3.org/TR/xhtml1/DTD/xhtml1-transitional.dtd">
<html xmlns="http://www.w3.org/1999/xhtml" xml:lang="en" lang="en">
 <head>
  <title>
</title>
<meta http-equiv="Content-Type" content="text/html;charset=utf-8" />
  <meta name='ocr-system' content='tesseract 3.04.00' />
  <meta name='ocr-capabilities' content='ocr_page ocr_carea ocr_par ocr_line ocrx_word'/>
</head>
<body>
  <div class='ocr_page' id='page_1' title='image "4738095_0044.png"; bbox 0 0 1786 2742; ppageno 0'>
   <div class='ocr_carea' id='block_1_1' title="bbox 838 48 889 84">
    <p class='ocr_par' dir='ltr' id='par_1_1' title="bbox 838 48 889 84">
     <span class='ocr_line' id='line_1_1' title="bbox 838 48 889 84; baseline 0 0"><span class='ocrx_word' id='word_1_1' title='bbox 838 48 889 84; x_wconf 76' lang='lat'>28</span> 
     </span>
    </p>
   </div>
   <div class='ocr_carea' id='block_1_2' title="bbox 817 103 914 106">
    <p class='ocr_par' dir='ltr' id='par_1_2' title="bbox 817 103 914 106">
     <span class='ocr_line' id='line_1_2' title="bbox 817 103 914 106; baseline 0 0"><span class='ocrx_word' id='word_1_2' title='bbox 817 103 914 106; x_wconf 95' lang='lat' dir='ltr'> </span> 
     </span>
    </p>
   </div>
   <div class='ocr_carea' id='block_1_3' title="bbox 114 172 1609 2546">
    <p class='ocr_par' dir='ltr' id='par_1_3' title="bbox 120 172 1606 610">
     <span class='ocr_line' id='line_1_3' title="bbox 122 172 1606 226; baseline 0.002 -13"><span class='ocrx_word' id='word_1_3' title='bbox 122 175 262 225; x_wconf 88' lang='lat' dir='ltr'>species</span> <span class='ocrx_word' id='word_1_4' title='bbox 293 172 430 226; x_wconf 78' lang='grc' dir='ltr'>(ἰδέαι)</span> <span class='ocrx_word' id='word_1_5' title='bbox 459 178 497 215; x_wconf 90' lang='lat' dir='ltr'>et</span> <span class='ocrx_word' id='word_1_6' title='bbox 524 188 582 215; x_wconf 90' lang='lat' dir='ltr'>res</span> <span class='ocrx_word' id='word_1_7' title='bbox 612 177 662 215; x_wconf 89' lang='lat' dir='ltr'>ad</span> <span class='ocrx_word' id='word_1_8' title='bbox 691 188 754 215; x_wconf 88' lang='lat' dir='ltr'>eas</span> <span class='ocrx_word' id='word_1_9' title='bbox 782 178 999 225; x_wconf 77' lang='lat' dir='ltr'>generatae,</span> <span class='ocrx_word' id='word_1_10' title='bbox 1040 177 1175 226; x_wconf 87' lang='lat' dir='ltr'>quibus</span> <span class='ocrx_word' id='word_1_11' title='bbox 1203 177 1242 216; x_wconf 92' lang='lat' dir='ltr'>in</span> <span class='ocrx_word' id='word_1_12' title='bbox 1271 177 1424 216; x_wconf 85' lang='lat' dir='ltr'>Timaeo</span> <span class='ocrx_word' id='word_1_13' title='bbox 1453 179 1606 217; x_wconf 81' lang='lat' dir='ltr'>tertium</span> 
     </span>
     <span class='ocr_line' id='line_1_4' title="bbox 122 234 1606 291; baseline 0.001 -13"><span class='ocrx_word' id='word_1_14' title='bbox 122 240 340 288; x_wconf 88' lang='lat' dir='ltr'>adiungitur</span> <span class='ocrx_word' id='word_1_15' title='bbox 374 241 539 288; x_wconf 86' lang='lat' dir='ltr'>spatium</span> <span class='ocrx_word' id='word_1_16' title='bbox 574 234 710 290; x_wconf 83' lang='grc' dir='ltr'>(χώρα)</span> <span class='ocrx_word' id='word_1_17' title='bbox 749 251 901 289; x_wconf 90' lang='lat' dir='ltr'>corpora</span> <span class='ocrx_word' id='word_1_18' title='bbox 935 241 973 277; x_wconf 92' lang='lat' dir='ltr'>in</span> <span class='ocrx_word' id='word_1_19' title='bbox 1012 252 1051 278; x_wconf 91' lang='lat' dir='ltr'>se</span> <span class='ocrx_word' id='word_1_20' title='bbox 1086 241 1266 290; x_wconf 88' lang='lat' dir='ltr'>recipiens</span> <span class='ocrx_word' id='word_1_21' title='bbox 1296 241 1364 290; x_wconf 85' lang='lat'>(52</span> <span class='ocrx_word' id='word_1_22' title='bbox 1394 242 1453 291; x_wconf 91' lang='lat' dir='ltr'>A),</span> <span class='ocrx_word' id='word_1_23' title='bbox 1493 244 1606 290; x_wconf 89' lang='lat' dir='ltr'>atque</span> 
     </span>
     <span class='ocr_line' id='line_1_5' title="bbox 121 304 1605 354; baseline 0.002 -12"><span class='ocrx_word' id='word_1_24' title='bbox 121 305 230 350; x_wconf 88' lang='lat' dir='ltr'>illae,</span> <span class='ocrx_word' id='word_1_25' title='bbox 258 306 304 343; x_wconf 93' lang='lat' dir='ltr'>ut</span> <span class='ocrx_word' id='word_1_26' title='bbox 331 316 396 354; x_wconf 86' lang='lat' dir='ltr'>per</span> <span class='ocrx_word' id='word_1_27' title='bbox 423 315 462 342; x_wconf 88' lang='lat' dir='ltr'>se</span> <span class='ocrx_word' id='word_1_28' title='bbox 491 306 723 350; x_wconf 75' lang='lat' dir='ltr'>constantes,</span> <span class='ocrx_word' id='word_1_29' title='bbox 760 304 1038 350; x_wconf 84' lang='lat' dir='ltr'>immutabiles,</span> <span class='ocrx_word' id='word_1_30' title='bbox 1075 306 1267 352; x_wconf 83' lang='lat' dir='ltr'>aeternae,</span> <span class='ocrx_word' id='word_1_31' title='bbox 1308 306 1386 344; x_wconf 87' lang='lat' dir='ltr'>sola</span> <span class='ocrx_word' id='word_1_32' title='bbox 1413 307 1538 345; x_wconf 87' lang='lat' dir='ltr'>mente</span> <span class='ocrx_word' id='word_1_33' title='bbox 1567 308 1605 345; x_wconf 92' lang='lat' dir='ltr'>et</span> 
     </span>
     <span class='ocr_line' id='line_1_6' title="bbox 123 369 1606 418; baseline 0.001 -11"><span class='ocrx_word' id='word_1_34' title='bbox 123 369 364 416; x_wconf 82' lang='lat' dir='ltr'>cogitatione,</span> <span class='ocrx_word' id='word_1_35' title='bbox 407 369 498 412; x_wconf 88' lang='lat' dir='ltr'>hae,</span> <span class='ocrx_word' id='word_1_36' title='bbox 541 371 585 406; x_wconf 92' lang='lat' dir='ltr'>ut</span> <span class='ocrx_word' id='word_1_37' title='bbox 625 369 895 412; x_wconf 79' lang='lat' dir='ltr'>inconstantes,</span> <span class='ocrx_word' id='word_1_38' title='bbox 934 369 1075 414; x_wconf 85' lang='lat' dir='ltr'>fluxae,</span> <span class='ocrx_word' id='word_1_39' title='bbox 1117 369 1288 417; x_wconf 87' lang='lat' dir='ltr'>fragiles,</span> <span class='ocrx_word' id='word_1_40' title='bbox 1316 370 1527 418; x_wconf 84' lang='lat' dir='ltr'>opinatione</span> <span class='ocrx_word' id='word_1_41' title='bbox 1561 382 1606 408; x_wconf 90' lang='lat' dir='ltr'>ac</span> 
     </span>
     <span class='ocr_line' id='line_1_7' title="bbox 121 432 1603 483; baseline 0.001 -12"><span class='ocrx_word' id='word_1_42' title='bbox 121 433 291 471; x_wconf 85' lang='lat' dir='ltr'>sensibus</span> <span class='ocrx_word' id='word_1_43' title='bbox 334 432 715 482; x_wconf 83' lang='lat' dir='ltr'>comprehendantur,</span> <span class='ocrx_word' id='word_1_44' title='bbox 759 432 964 482; x_wconf 86' lang='lat' dir='ltr'>sapientem</span> <span class='ocrx_word' id='word_1_45' title='bbox 1006 432 1112 471; x_wconf 91' lang='lat' dir='ltr'>decet</span> <span class='ocrx_word' id='word_1_46' title='bbox 1153 433 1211 472; x_wconf 90' lang='lat' dir='ltr'>his</span> <span class='ocrx_word' id='word_1_47' title='bbox 1253 434 1476 483; x_wconf 90' lang='lat' dir='ltr'>contemptis</span> <span class='ocrx_word' id='word_1_48' title='bbox 1518 435 1603 473; x_wconf 88' lang='lat' dir='ltr'>illas</span> 
     </span>
     <span class='ocr_line' id='line_1_8' title="bbox 121 497 1605 546; baseline 0.001 -12"><span class='ocrx_word' id='word_1_49' title='bbox 121 509 269 535; x_wconf 89' lang='lat' dir='ltr'>summo</span> <span class='ocrx_word' id='word_1_50' title='bbox 299 508 424 535; x_wconf 88' lang='lat' dir='ltr'>amore</span> <span class='ocrx_word' id='word_1_51' title='bbox 454 508 497 535; x_wconf 90' lang='lat' dir='ltr'>ac</span> <span class='ocrx_word' id='word_1_52' title='bbox 532 497 655 534; x_wconf 91' lang='lat' dir='ltr'>studio</span> <span class='ocrx_word' id='word_1_53' title='bbox 684 497 906 545; x_wconf 87' lang='lat' dir='ltr'>amplexari,</span> <span class='ocrx_word' id='word_1_54' title='bbox 947 499 989 534; x_wconf 91' lang='lat' dir='ltr'>ut</span> <span class='ocrx_word' id='word_1_55' title='bbox 1016 499 1174 535; x_wconf 83' lang='lat' dir='ltr'>naturae</span> <span class='ocrx_word' id='word_1_56' title='bbox 1202 497 1349 535; x_wconf 89' lang='lat' dir='ltr'>divinae</span> <span class='ocrx_word' id='word_1_57' title='bbox 1384 509 1499 546; x_wconf 88' lang='lat' dir='ltr'>quam</span> <span class='ocrx_word' id='word_1_58' title='bbox 1526 499 1605 537; x_wconf 90' lang='lat' dir='ltr'>fieri</span> 
     </span>
     <span class='ocr_line' id='line_1_9' title="bbox 120 559 900 610; baseline -0.001 -11"><span class='ocrx_word' id='word_1_59' title='bbox 120 561 237 610; x_wconf 88' lang='lat' dir='ltr'>possit</span> <span class='ocrx_word' id='word_1_60' title='bbox 265 560 480 599; x_wconf 89' lang='lat' dir='ltr'>simillimus</span> <span class='ocrx_word' id='word_1_61' title='bbox 510 560 665 599; x_wconf 80' lang='lat' dir='ltr'>exsistat</span> <span class='ocrx_word' id='word_1_62' title='bbox 695 559 761 610; x_wconf 89' lang='lat'>(90</span> <span class='ocrx_word' id='word_1_63' title='bbox 791 560 821 598; x_wconf 94' lang='lat' dir='ltr'><strong>B</strong></span> <span class='ocrx_word' id='word_1_64' title='bbox 844 559 900 610; x_wconf 88' lang='lat' dir='ltr'>C).</span> 
     </span>
    </p>

    <p class='ocr_par' dir='ltr' id='par_1_4' title="bbox 119 626 1606 1448">
     <span class='ocr_line' id='line_1_10' title="bbox 229 626 1605 675; baseline 0.001 -11"><span class='ocrx_word' id='word_1_65' title='bbox 229 626 298 664; x_wconf 91' lang='lat' dir='ltr'>His</span> <span class='ocrx_word' id='word_1_66' title='bbox 332 626 447 674; x_wconf 90' lang='lat' dir='ltr'>igitur</span> <span class='ocrx_word' id='word_1_67' title='bbox 481 638 569 664; x_wconf 89' lang='lat' dir='ltr'>cum</span> <span class='ocrx_word' id='word_1_68' title='bbox 604 626 695 664; x_wconf 86' lang='lat' dir='ltr'>satis</span> <span class='ocrx_word' id='word_1_69' title='bbox 730 626 955 664; x_wconf 86' lang='lat' dir='ltr'>arbitremur</span> <span class='ocrx_word' id='word_1_70' title='bbox 981 626 1170 675; x_wconf 89' lang='lat' dir='ltr'>aperuisse</span> <span class='ocrx_word' id='word_1_71' title='bbox 1197 626 1395 665; x_wconf 87' lang='lat' dir='ltr'>Timaeum</span> <span class='ocrx_word' id='word_1_72' title='bbox 1414 626 1605 675; x_wconf 87' lang='lat' dir='ltr'>dialogum</span> 
     </span>
     <span class='ocr_line' id='line_1_11' title="bbox 119 689 1603 740; baseline 0.001 -12"><span class='ocrx_word' id='word_1_73' title='bbox 119 701 247 728; x_wconf 83' lang='lat' dir='ltr'>revera</span> <span class='ocrx_word' id='word_1_74' title='bbox 274 690 449 739; x_wconf 88' lang='lat' dir='ltr'>praebere</span> <span class='ocrx_word' id='word_1_75' title='bbox 479 690 714 728; x_wconf 83' lang='lat' dir='ltr'>subtiliorem</span> <span class='ocrx_word' id='word_1_76' title='bbox 750 689 857 727; x_wconf 86' lang='lat' dir='ltr'>illam</span> <span class='ocrx_word' id='word_1_77' title='bbox 885 691 922 727; x_wconf 92' lang='lat' dir='ltr'>et</span> <span class='ocrx_word' id='word_1_78' title='bbox 959 701 1002 727; x_wconf 91' lang='lat' dir='ltr'>ex</span> <span class='ocrx_word' id='word_1_79' title='bbox 1031 690 1171 727; x_wconf 80' lang='lat' dir='ltr'>summi</span> <span class='ocrx_word' id='word_1_80' title='bbox 1200 690 1286 728; x_wconf 90' lang='lat' dir='ltr'>boni</span> <span class='ocrx_word' id='word_1_81' title='bbox 1321 690 1440 740; x_wconf 91' lang='lat' dir='ltr'>specie</span> <span class='ocrx_word' id='word_1_82' title='bbox 1475 692 1603 740; x_wconf 83' lang='lat' dir='ltr'>aptam</span> 
     </span>
     <span class='ocr_line' id='line_1_12' title="bbox 119 754 1604 805; baseline 0.001 -12"><span class='ocrx_word' id='word_1_83' title='bbox 119 755 165 794; x_wconf 89' lang='lat' dir='ltr'>de</span> <span class='ocrx_word' id='word_1_84' title='bbox 208 755 334 793; x_wconf 89' lang='lat' dir='ltr'>animo</span> <span class='ocrx_word' id='word_1_85' title='bbox 376 755 541 793; x_wconf 90' lang='lat' dir='ltr'>humano</span> <span class='ocrx_word' id='word_1_86' title='bbox 585 754 791 793; x_wconf 88' lang='lat' dir='ltr'>doctrinam</span> <span class='ocrx_word' id='word_1_87' title='bbox 837 766 953 804; x_wconf 90' lang='lat' dir='ltr'>quam</span> <span class='ocrx_word' id='word_1_88' title='bbox 1001 757 1044 793; x_wconf 93' lang='lat' dir='ltr'>ut</span> <span class='ocrx_word' id='word_1_89' title='bbox 1084 766 1201 793; x_wconf 89' lang='lat' dir='ltr'>unam</span> <span class='ocrx_word' id='word_1_90' title='bbox 1239 766 1366 794; x_wconf 81' lang='lat' dir='ltr'>veram</span> <span class='ocrx_word' id='word_1_91' title='bbox 1408 757 1521 805; x_wconf 86' lang='lat' dir='ltr'>atque</span> <span class='ocrx_word' id='word_1_92' title='bbox 1560 767 1604 795; x_wconf 90' lang='lat' dir='ltr'>ex</span> 
     </span>
     <span class='ocr_line' id='line_1_13' title="bbox 119 819 1603 868; baseline 0.001 -11"><span class='ocrx_word' id='word_1_93' title='bbox 119 820 220 857; x_wconf 90' lang='lat' dir='ltr'>omni</span> <span class='ocrx_word' id='word_1_94' title='bbox 261 823 366 868; x_wconf 89' lang='lat' dir='ltr'>parte</span> <span class='ocrx_word' id='word_1_95' title='bbox 403 820 616 857; x_wconf 86' lang='lat' dir='ltr'>absolutam</span> <span class='ocrx_word' id='word_1_96' title='bbox 654 819 761 856; x_wconf 90' lang='lat' dir='ltr'>Plato</span> <span class='ocrx_word' id='word_1_97' title='bbox 802 819 842 856; x_wconf 89' lang='lat' dir='ltr'>in</span> <span class='ocrx_word' id='word_1_98' title='bbox 885 819 1019 856; x_wconf 88' lang='lat' dir='ltr'>Politia</span> <span class='ocrx_word' id='word_1_99' title='bbox 1061 820 1314 867; x_wconf 80' lang='lat' dir='ltr'>requisiverit,</span> <span class='ocrx_word' id='word_1_100' title='bbox 1353 820 1407 856; x_wconf 92' lang='lat' dir='ltr'>ita</span> <span class='ocrx_word' id='word_1_101' title='bbox 1444 820 1603 868; x_wconf 89' lang='lat' dir='ltr'>denique</span> 
     </span>
     <span class='ocr_line' id='line_1_14' title="bbox 119 882 1604 932; baseline 0 -10"><span class='ocrx_word' id='word_1_102' title='bbox 119 886 239 922; x_wconf 89' lang='lat' dir='ltr'>totam</span> <span class='ocrx_word' id='word_1_103' title='bbox 268 884 365 922; x_wconf 90' lang='lat' dir='ltr'>hanc</span> <span class='ocrx_word' id='word_1_104' title='bbox 394 883 611 922; x_wconf 84' lang='lat' dir='ltr'>concludere</span> <span class='ocrx_word' id='word_1_105' title='bbox 640 883 896 932; x_wconf 87' lang='lat' dir='ltr'>quaestionem</span> <span class='ocrx_word' id='word_1_106' title='bbox 923 883 961 921; x_wconf 91' lang='lat' dir='ltr'>in</span> <span class='ocrx_word' id='word_1_107' title='bbox 991 882 1115 921; x_wconf 89' lang='lat' dir='ltr'>animo</span> <span class='ocrx_word' id='word_1_108' title='bbox 1145 884 1202 921; x_wconf 89' lang='lat' dir='ltr'>est</span> <span class='ocrx_word' id='word_1_109' title='bbox 1236 884 1280 922; x_wconf 91' lang='lat' dir='ltr'>ut</span> <span class='ocrx_word' id='word_1_110' title='bbox 1314 883 1361 921; x_wconf 91' lang='lat' dir='ltr'>ad</span> <span class='ocrx_word' id='word_1_111' title='bbox 1395 885 1604 923; x_wconf 89' lang='lat' dir='ltr'>extremum</span> 
     </span>
     <span class='ocr_line' id='line_1_15' title="bbox 119 947 1605 996; baseline 0 -11"><span class='ocrx_word' id='word_1_112' title='bbox 119 949 242 996; x_wconf 91' lang='lat' dir='ltr'>qualis</span> <span class='ocrx_word' id='word_1_113' title='bbox 284 949 382 985; x_wconf 90' lang='lat' dir='ltr'>inter</span> <span class='ocrx_word' id='word_1_114' title='bbox 422 948 618 985; x_wconf 87' lang='lat' dir='ltr'>Timaeum</span> <span class='ocrx_word' id='word_1_115' title='bbox 661 950 699 985; x_wconf 89' lang='lat' dir='ltr'>et</span> <span class='ocrx_word' id='word_1_116' title='bbox 741 947 833 984; x_wconf 91' lang='lat' dir='ltr'>duos</span> <span class='ocrx_word' id='word_1_117' title='bbox 871 947 1109 995; x_wconf 86' lang='lat' dir='ltr'>Reipublicae</span> <span class='ocrx_word' id='word_1_118' title='bbox 1152 948 1252 985; x_wconf 87' lang='lat' dir='ltr'>locos</span> <span class='ocrx_word' id='word_1_119' title='bbox 1290 948 1330 984; x_wconf 92' lang='lat' dir='ltr'>in</span> <span class='ocrx_word' id='word_1_120' title='bbox 1372 948 1442 985; x_wconf 88' lang='lat' dir='ltr'>hac</span> <span class='ocrx_word' id='word_1_121' title='bbox 1478 948 1605 996; x_wconf 88' lang='lat' dir='ltr'>dispu-</span> 
     </span>
     <span class='ocr_line' id='line_1_16' title="bbox 120 1009 1605 1062; baseline -0.001 -12"><span class='ocrx_word' id='word_1_122' title='bbox 120 1011 272 1050; x_wconf 89' lang='lat' dir='ltr'>tationis</span> <span class='ocrx_word' id='word_1_123' title='bbox 308 1013 412 1062; x_wconf 89' lang='lat' dir='ltr'>parte</span> <span class='ocrx_word' id='word_1_124' title='bbox 450 1011 610 1060; x_wconf 84' lang='lat' dir='ltr'>agitatos</span> <span class='ocrx_word' id='word_1_125' title='bbox 647 1010 714 1060; x_wconf 91' lang='lat' dir='ltr'>(IV</span> <span class='ocrx_word' id='word_1_126' title='bbox 743 1010 820 1048; x_wconf 84' lang='lat'>435</span> <span class='ocrx_word' id='word_1_127' title='bbox 851 1010 896 1049; x_wconf 92' lang='lat' dir='ltr'>D.</span> <span class='ocrx_word' id='word_1_128' title='bbox 953 1009 1005 1048; x_wconf 91' lang='lat' dir='ltr'>VI</span> <span class='ocrx_word' id='word_1_129' title='bbox 1035 1010 1111 1048; x_wconf 85' lang='lat'>505</span> <span class='ocrx_word' id='word_1_130' title='bbox 1140 1010 1188 1061; x_wconf 94' lang='lat' dir='ltr'>A)</span> <span class='ocrx_word' id='word_1_131' title='bbox 1226 1010 1462 1049; x_wconf 86' lang='lat' dir='ltr'>necessitudo</span> <span class='ocrx_word' id='word_1_132' title='bbox 1490 1011 1605 1051; x_wconf 89' lang='lat' dir='ltr'>inter-</span> 
     </span>
     <span class='ocr_line' id='line_1_17' title="bbox 121 1076 1605 1126; baseline 0 -10"><span class='ocrx_word' id='word_1_133' title='bbox 121 1078 231 1117; x_wconf 87' lang='lat' dir='ltr'>cedat</span> <span class='ocrx_word' id='word_1_134' title='bbox 258 1078 359 1116; x_wconf 89' lang='lat' dir='ltr'>brevi</span> <span class='ocrx_word' id='word_1_135' title='bbox 394 1077 665 1126; x_wconf 88' lang='lat' dir='ltr'>praecidamus.</span> <span class='ocrx_word' id='word_1_136' title='bbox 722 1076 900 1114; x_wconf 89' lang='lat' dir='ltr'>Ponimus</span> <span class='ocrx_word' id='word_1_137' title='bbox 937 1078 1064 1114; x_wconf 91' lang='lat' dir='ltr'>autem</span> <span class='ocrx_word' id='word_1_138' title='bbox 1105 1088 1189 1114; x_wconf 90' lang='lat' dir='ltr'>eam</span> <span class='ocrx_word' id='word_1_139' title='bbox 1226 1088 1307 1115; x_wconf 91' lang='lat' dir='ltr'>esse</span> <span class='ocrx_word' id='word_1_140' title='bbox 1345 1076 1526 1115; x_wconf 90' lang='lat' dir='ltr'>eiusmodi</span> <span class='ocrx_word' id='word_1_141' title='bbox 1561 1080 1605 1116; x_wconf 92' lang='lat' dir='ltr'>ut</span> 
     </span>
     <span class='ocr_line' id='line_1_18' title="bbox 121 1136 1602 1189; baseline -0.001 -9"><span class='ocrx_word' id='word_1_142' title='bbox 121 1136 249 1180; x_wconf 77' lang='lat' dir='ltr'>animi</span> <span class='ocrx_word' id='word_1_143' title='bbox 266 1153 310 1180; x_wconf 90' lang='lat' dir='ltr'>ac</span> <span class='ocrx_word' id='word_1_144' title='bbox 338 1141 486 1179; x_wconf 89' lang='lat' dir='ltr'>virtutis</span> <span class='ocrx_word' id='word_1_145' title='bbox 516 1140 728 1179; x_wconf 84' lang='lat' dir='ltr'>accuratius</span> <span class='ocrx_word' id='word_1_146' title='bbox 757 1139 805 1177; x_wconf 91' lang='lat' dir='ltr'>ad</span> <span class='ocrx_word' id='word_1_147' title='bbox 840 1139 1091 1189; x_wconf 89' lang='lat' dir='ltr'>philosophiae</span> <span class='ocrx_word' id='word_1_148' title='bbox 1120 1139 1369 1178; x_wconf 84' lang='lat' dir='ltr'>subtilitatem</span> <span class='ocrx_word' id='word_1_149' title='bbox 1402 1140 1602 1189; x_wconf 88' lang='lat' dir='ltr'>exigendae</span> 
     </span>
     <span class='ocr_line' id='line_1_19' title="bbox 119 1206 1602 1256; baseline -0.001 -11"><span class='ocrx_word' id='word_1_150' title='bbox 119 1207 213 1245; x_wconf 88' lang='lat' dir='ltr'>ratio</span> <span class='ocrx_word' id='word_1_151' title='bbox 253 1207 371 1256; x_wconf 90' lang='lat' dir='ltr'>primo</span> <span class='ocrx_word' id='word_1_152' title='bbox 414 1206 565 1255; x_wconf 90' lang='lat' dir='ltr'>quidem</span> <span class='ocrx_word' id='word_1_153' title='bbox 602 1206 682 1244; x_wconf 92' lang='lat' dir='ltr'>loco</span> <span class='ocrx_word' id='word_1_154' title='bbox 724 1206 933 1244; x_wconf 86' lang='lat' dir='ltr'>ostentetur</span> <span class='ocrx_word' id='word_1_155' title='bbox 967 1206 1119 1243; x_wconf 87' lang='lat' dir='ltr'>tantum</span> <span class='ocrx_word' id='word_1_156' title='bbox 1160 1206 1272 1254; x_wconf 90' lang='lat' dir='ltr'>atque</span> <span class='ocrx_word' id='word_1_157' title='bbox 1313 1207 1357 1243; x_wconf 91' lang='lat' dir='ltr'>ut</span> <span class='ocrx_word' id='word_1_158' title='bbox 1394 1216 1490 1254; x_wconf 90' lang='lat' dir='ltr'>quae</span> <span class='ocrx_word' id='word_1_159' title='bbox 1525 1217 1602 1244; x_wconf 90' lang='lat' dir='ltr'>una</span> 
     </span>
     <span class='ocr_line' id='line_1_20' title="bbox 119 1268 1603 1318; baseline -0.001 -10"><span class='ocrx_word' id='word_1_160' title='bbox 119 1273 221 1309; x_wconf 88' lang='lat' dir='ltr'>recta</span> <span class='ocrx_word' id='word_1_161' title='bbox 258 1272 307 1308; x_wconf 90' lang='lat' dir='ltr'>sit</span> <span class='ocrx_word' id='word_1_162' title='bbox 344 1272 381 1308; x_wconf 89' lang='lat' dir='ltr'>et</span> <span class='ocrx_word' id='word_1_163' title='bbox 416 1270 547 1308; x_wconf 90' lang='lat' dir='ltr'>idonea</span> <span class='ocrx_word' id='word_1_164' title='bbox 576 1269 800 1318; x_wconf 86' lang='lat' dir='ltr'>postuletur,</span> <span class='ocrx_word' id='word_1_165' title='bbox 839 1269 954 1305; x_wconf 88' lang='lat' dir='ltr'>altero</span> <span class='ocrx_word' id='word_1_166' title='bbox 989 1268 1121 1315; x_wconf 82' lang='lat' dir='ltr'>deinde</span> <span class='ocrx_word' id='word_1_167' title='bbox 1158 1269 1279 1316; x_wconf 90' lang='lat' dir='ltr'>qualis</span> <span class='ocrx_word' id='word_1_168' title='bbox 1317 1269 1366 1306; x_wconf 91' lang='lat' dir='ltr'>sit</span> <span class='ocrx_word' id='word_1_169' title='bbox 1401 1269 1603 1318; x_wconf 86' lang='lat' dir='ltr'>explicetur</span> 
     </span>
     <span class='ocr_line' id='line_1_21' title="bbox 121 1332 1606 1385; baseline -0.001 -11"><span class='ocrx_word' id='word_1_170' title='bbox 121 1338 233 1385; x_wconf 89' lang='lat' dir='ltr'>atque</span> <span class='ocrx_word' id='word_1_171' title='bbox 275 1336 483 1374; x_wconf 89' lang='lat' dir='ltr'>illustretur</span> <span class='ocrx_word' id='word_1_172' title='bbox 523 1334 693 1379; x_wconf 87' lang='lat' dir='ltr'>uberius,</span> <span class='ocrx_word' id='word_1_173' title='bbox 735 1333 774 1371; x_wconf 92' lang='lat' dir='ltr'>in</span> <span class='ocrx_word' id='word_1_174' title='bbox 810 1333 962 1372; x_wconf 85' lang='lat' dir='ltr'>Timaeo</span> <span class='ocrx_word' id='word_1_175' title='bbox 1004 1332 1162 1382; x_wconf 91' lang='lat' dir='ltr'>denique</span> <span class='ocrx_word' id='word_1_176' title='bbox 1205 1333 1336 1372; x_wconf 89' lang='lat' dir='ltr'>eadem</span> <span class='ocrx_word' id='word_1_177' title='bbox 1379 1333 1606 1383; x_wconf 89' lang='lat' dir='ltr'>suscipiatur</span> 
     </span>
     <span class='ocr_line' id='line_1_22' title="bbox 119 1396 1217 1448; baseline -0.004 -10"><span class='ocrx_word' id='word_1_178' title='bbox 119 1402 233 1448; x_wconf 87' lang='lat' dir='ltr'>atque</span> <span class='ocrx_word' id='word_1_179' title='bbox 263 1400 310 1437; x_wconf 91' lang='lat' dir='ltr'>ad</span> <span class='ocrx_word' id='word_1_180' title='bbox 340 1399 456 1437; x_wconf 89' lang='lat' dir='ltr'>animi</span> <span class='ocrx_word' id='word_1_181' title='bbox 485 1400 662 1436; x_wconf 90' lang='lat' dir='ltr'>naturam</span> <span class='ocrx_word' id='word_1_182' title='bbox 690 1397 956 1446; x_wconf 87' lang='lat' dir='ltr'>exquirendam</span> <span class='ocrx_word' id='word_1_183' title='bbox 984 1396 1217 1434; x_wconf 86' lang='lat' dir='ltr'>adhibeatur.</span> 
     </span>
    </p>

    <p class='ocr_par' dir='ltr' id='par_1_5' title="bbox 117 1463 1609 1903">
     <span class='ocr_line' id='line_1_23' title="bbox 227 1463 1609 1515; baseline 0.002 -14"><span class='ocrx_word' id='word_1_184' title='bbox 227 1465 281 1502; x_wconf 89' lang='lat' dir='ltr'>Ac</span> <span class='ocrx_word' id='word_1_185' title='bbox 316 1464 360 1502; x_wconf 90' lang='lat' dir='ltr'>de</span> <span class='ocrx_word' id='word_1_186' title='bbox 397 1463 531 1503; x_wconf 91' lang='lat' dir='ltr'>Politia</span> <span class='ocrx_word' id='word_1_187' title='bbox 567 1464 604 1502; x_wconf 88' lang='lat' dir='ltr'>et</span> <span class='ocrx_word' id='word_1_188' title='bbox 638 1466 789 1505; x_wconf 87' lang='lat' dir='ltr'>Timaeo</span> <span class='ocrx_word' id='word_1_189' title='bbox 827 1466 1016 1504; x_wconf 87' lang='lat' dir='ltr'>artissime</span> <span class='ocrx_word' id='word_1_190' title='bbox 1052 1466 1334 1504; x_wconf 87' lang='lat' dir='ltr'>cohaerentibus</span> <span class='ocrx_word' id='word_1_191' title='bbox 1372 1468 1485 1515; x_wconf 89' lang='lat' dir='ltr'>atque</span> <span class='ocrx_word' id='word_1_192' title='bbox 1522 1477 1609 1504; x_wconf 88' lang='lat' dir='ltr'>con—</span> 
     </span>
     <span class='ocr_line' id='line_1_24' title="bbox 119 1528 1605 1580; baseline 0.002 -14"><span class='ocrx_word' id='word_1_193' title='bbox 119 1528 257 1567; x_wconf 91' lang='lat' dir='ltr'>iunctis</span> <span class='ocrx_word' id='word_1_194' title='bbox 301 1529 393 1568; x_wconf 90' lang='lat' dir='ltr'>satis</span> <span class='ocrx_word' id='word_1_195' title='bbox 436 1529 580 1569; x_wconf 88' lang='lat' dir='ltr'>dictum</span> <span class='ocrx_word' id='word_1_196' title='bbox 622 1532 690 1570; x_wconf 91' lang='lat' dir='ltr'>est.</span> <span class='ocrx_word' id='word_1_197' title='bbox 756 1531 900 1570; x_wconf 87' lang='lat' dir='ltr'>Liceret</span> <span class='ocrx_word' id='word_1_198' title='bbox 940 1531 1056 1579; x_wconf 86' lang='lat' dir='ltr'>igitur</span> <span class='ocrx_word' id='word_1_199' title='bbox 1096 1531 1157 1569; x_wconf 91' lang='lat' dir='ltr'>hic</span> <span class='ocrx_word' id='word_1_200' title='bbox 1198 1530 1425 1580; x_wconf 90' lang='lat' dir='ltr'>quaestionis</span> <span class='ocrx_word' id='word_1_201' title='bbox 1467 1531 1605 1569; x_wconf 89' lang='lat' dir='ltr'>rivulos</span> 
     </span>
     <span class='ocr_line' id='line_1_25' title="bbox 119 1593 1606 1645; baseline 0.001 -14"><span class='ocrx_word' id='word_1_202' title='bbox 119 1593 292 1632; x_wconf 86' lang='lat' dir='ltr'>claudere</span> <span class='ocrx_word' id='word_1_203' title='bbox 321 1596 358 1632; x_wconf 89' lang='lat' dir='ltr'>et</span> <span class='ocrx_word' id='word_1_204' title='bbox 393 1594 432 1631; x_wconf 93' lang='lat' dir='ltr'>id</span> <span class='ocrx_word' id='word_1_205' title='bbox 461 1595 558 1643; x_wconf 92' lang='lat' dir='ltr'>qnod</span> <span class='ocrx_word' id='word_1_206' title='bbox 588 1607 631 1633; x_wconf 87' lang='lat' dir='ltr'>ex</span> <span class='ocrx_word' id='word_1_207' title='bbox 660 1595 911 1645; x_wconf 89' lang='lat' dir='ltr'>disputatione</span> <span class='ocrx_word' id='word_1_208' title='bbox 939 1597 1068 1633; x_wconf 83' lang='lat' dir='ltr'>nostra</span> <span class='ocrx_word' id='word_1_209' title='bbox 1097 1595 1273 1640; x_wconf 86' lang='lat' dir='ltr'>efficitur,</span> <span class='ocrx_word' id='word_1_210' title='bbox 1312 1597 1357 1633; x_wconf 93' lang='lat' dir='ltr'>ut</span> <span class='ocrx_word' id='word_1_211' title='bbox 1391 1595 1497 1633; x_wconf 89' lang='lat' dir='ltr'>Plato</span> <span class='ocrx_word' id='word_1_212' title='bbox 1534 1606 1606 1644; x_wconf 92' lang='lat' dir='ltr'>quo</span> 
     </span>
     <span class='ocr_line' id='line_1_26' title="bbox 117 1659 1607 1709; baseline 0.001 -14"><span class='ocrx_word' id='word_1_213' title='bbox 117 1660 285 1707; x_wconf 86' lang='lat' dir='ltr'>tempore</span> <span class='ocrx_word' id='word_1_214' title='bbox 314 1660 493 1707; x_wconf 89' lang='lat' dir='ltr'>quartum</span> <span class='ocrx_word' id='word_1_215' title='bbox 522 1659 678 1698; x_wconf 88' lang='lat' dir='ltr'>Politiae</span> <span class='ocrx_word' id='word_1_216' title='bbox 706 1660 846 1698; x_wconf 88' lang='lat' dir='ltr'>librum</span> <span class='ocrx_word' id='word_1_217' title='bbox 875 1660 1065 1709; x_wconf 88' lang='lat' dir='ltr'>scripserit</span> <span class='ocrx_word' id='word_1_218' title='bbox 1094 1659 1234 1708; x_wconf 90' lang='lat' dir='ltr'>species</span> <span class='ocrx_word' id='word_1_219' title='bbox 1259 1660 1336 1697; x_wconf 88' lang='lat' dir='ltr'>iam</span> <span class='ocrx_word' id='word_1_220' title='bbox 1362 1659 1485 1697; x_wconf 88' lang='lat' dir='ltr'>animo</span> <span class='ocrx_word' id='word_1_221' title='bbox 1507 1670 1607 1697; x_wconf 89' lang='lat' dir='ltr'>com-</span> 
     </span>
     <span class='ocr_line' id='line_1_27' title="bbox 118 1722 1604 1773; baseline 0.001 -13"><span class='ocrx_word' id='word_1_222' title='bbox 118 1722 356 1771; x_wconf 90' lang='lat' dir='ltr'>prehendisse</span> <span class='ocrx_word' id='word_1_223' title='bbox 384 1722 606 1761; x_wconf 88' lang='lat' dir='ltr'>iudicandus</span> <span class='ocrx_word' id='word_1_224' title='bbox 636 1724 695 1768; x_wconf 92' lang='lat' dir='ltr'>sit,</span> <span class='ocrx_word' id='word_1_225' title='bbox 723 1735 787 1773; x_wconf 92' lang='lat' dir='ltr'>pro</span> <span class='ocrx_word' id='word_1_226' title='bbox 817 1725 916 1762; x_wconf 89' lang='lat' dir='ltr'>certo</span> <span class='ocrx_word' id='word_1_227' title='bbox 945 1735 1103 1769; x_wconf 91' lang='lat' dir='ltr'>sumere,</span> <span class='ocrx_word' id='word_1_228' title='bbox 1132 1723 1205 1761; x_wconf 90' lang='lat' dir='ltr'>nisi</span> <span class='ocrx_word' id='word_1_229' title='bbox 1234 1725 1361 1761; x_wconf 89' lang='lat' dir='ltr'>essent</span> <span class='ocrx_word' id='word_1_230' title='bbox 1389 1734 1411 1761; x_wconf 89' lang='lat' dir='ltr'>a</span> <span class='ocrx_word' id='word_1_231' title='bbox 1438 1723 1604 1761; x_wconf 89' lang='lat' dir='ltr'>Krohnio</span> 
     </span>
     <span class='ocr_line' id='line_1_28' title="bbox 118 1787 1605 1838; baseline 0.001 -14"><span class='ocrx_word' id='word_1_232' title='bbox 118 1798 192 1824; x_wconf 91' lang='lat' dir='ltr'>non</span> <span class='ocrx_word' id='word_1_233' title='bbox 220 1798 339 1836; x_wconf 92' lang='lat' dir='ltr'>pauca</span> <span class='ocrx_word' id='word_1_234' title='bbox 368 1787 405 1825; x_wconf 91' lang='lat' dir='ltr'>in</span> <span class='ocrx_word' id='word_1_235' title='bbox 439 1788 668 1826; x_wconf 90' lang='lat' dir='ltr'>contrariam</span> <span class='ocrx_word' id='word_1_236' title='bbox 704 1790 851 1838; x_wconf 90' lang='lat' dir='ltr'>partem</span> <span class='ocrx_word' id='word_1_237' title='bbox 888 1788 1078 1838; x_wconf 90' lang='lat' dir='ltr'>disputata</span> <span class='ocrx_word' id='word_1_238' title='bbox 1115 1799 1210 1837; x_wconf 90' lang='lat' dir='ltr'>quae</span> <span class='ocrx_word' id='word_1_239' title='bbox 1246 1789 1332 1826; x_wconf 90' lang='lat' dir='ltr'>ante</span> <span class='ocrx_word' id='word_1_240' title='bbox 1368 1787 1605 1827; x_wconf 81' lang='lat' dir='ltr'>confutentur</span> 
     </span>
     <span class='ocr_line' id='line_1_29' title="bbox 118 1852 1603 1903; baseline 0.001 -13"><span class='ocrx_word' id='word_1_241' title='bbox 118 1863 141 1890; x_wconf 90' lang='lat' dir='ltr'>a</span> <span class='ocrx_word' id='word_1_242' title='bbox 169 1852 275 1891; x_wconf 92' lang='lat' dir='ltr'>nobis</span> <span class='ocrx_word' id='word_1_243' title='bbox 305 1864 348 1891; x_wconf 90' lang='lat' dir='ltr'>ac</span> <span class='ocrx_word' id='word_1_244' title='bbox 376 1853 580 1892; x_wconf 88' lang='lat' dir='ltr'>reiciantur</span> <span class='ocrx_word' id='word_1_245' title='bbox 606 1865 757 1892; x_wconf 87' lang='lat' dir='ltr'>necesse</span> <span class='ocrx_word' id='word_1_246' title='bbox 786 1856 843 1892; x_wconf 94' lang='lat' dir='ltr'>est</span> <span class='ocrx_word' id='word_1_247' title='bbox 863 1865 977 1903; x_wconf 90' lang='lat' dir='ltr'>quam</span> <span class='ocrx_word' id='word_1_248' title='bbox 997 1853 1185 1892; x_wconf 87' lang='lat' dir='ltr'>sententia</span> <span class='ocrx_word' id='word_1_249' title='bbox 1203 1854 1330 1892; x_wconf 88' lang='lat' dir='ltr'>nostra</span> <span class='ocrx_word' id='word_1_250' title='bbox 1350 1855 1448 1892; x_wconf 89' lang='lat' dir='ltr'>stare</span> <span class='ocrx_word' id='word_1_251' title='bbox 1476 1853 1603 1903; x_wconf 89' lang='lat' dir='ltr'>possit.</span> 
     </span>
    </p>

    <p class='ocr_par' dir='ltr' id='par_1_6' title="bbox 114 1922 1605 2546">
     <span class='ocr_line' id='line_1_30' title="bbox 224 1922 1605 1971; baseline 0 -12"><span class='ocrx_word' id='word_1_252' title='bbox 224 1924 279 1960; x_wconf 93' lang='lat' dir='ltr'>Ac</span> <span class='ocrx_word' id='word_1_253' title='bbox 307 1923 472 1971; x_wconf 90' lang='lat' dir='ltr'>primum</span> <span class='ocrx_word' id='word_1_254' title='bbox 501 1923 655 1971; x_wconf 89' lang='lat' dir='ltr'>quidem</span> <span class='ocrx_word' id='word_1_255' title='bbox 690 1923 1005 1961; x_wconf 87' lang='lat' dir='ltr'>confidentissime</span> <span class='ocrx_word' id='word_1_256' title='bbox 1033 1923 1094 1961; x_wconf 90' lang='lat' dir='ltr'>ille</span> <span class='ocrx_word' id='word_1_257' title='bbox 1123 1924 1237 1970; x_wconf 89' lang='lat' dir='ltr'>negat</span> <span class='ocrx_word' id='word_1_258' title='bbox 1264 1934 1359 1971; x_wconf 93' lang='lat' dir='ltr'>quae</span> <span class='ocrx_word' id='word_1_259' title='bbox 1387 1922 1440 1960; x_wconf 91' lang='lat' dir='ltr'>IV</span> <span class='ocrx_word' id='word_1_260' title='bbox 1468 1923 1545 1960; x_wconf 85' lang='lat'>435</span> <span class='ocrx_word' id='word_1_261' title='bbox 1571 1922 1605 1959; x_wconf 93' lang='lat' dir='ltr'>D</span> 
     </span>
     <span class='ocr_line' id='line_1_31' title="bbox 117 1983 1603 2038; baseline 0 -14"><span class='ocrx_word' id='word_1_262' title='bbox 117 1986 224 2035; x_wconf 89' lang='lat' dir='ltr'>quasi</span> <span class='ocrx_word' id='word_1_263' title='bbox 253 1986 291 2024; x_wconf 91' lang='lat' dir='ltr'>in</span> <span class='ocrx_word' id='word_1_264' title='bbox 320 1987 483 2025; x_wconf 89' lang='lat' dir='ltr'>transitu</span> <span class='ocrx_word' id='word_1_265' title='bbox 503 1987 713 2036; x_wconf 88' lang='lat' dir='ltr'>attingatur</span> <span class='ocrx_word' id='word_1_266' title='bbox 730 1984 953 2038; x_wconf 81' lang='grc' dir='ltr'><strong><em>μακροτέρα</em></strong></span> <span class='ocrx_word' id='word_1_267' title='bbox 981 1983 1169 2037; x_wconf 82' lang='grc' dir='ltr'><em>περίοδος</em></span> <span class='ocrx_word' id='word_1_268' title='bbox 1196 1986 1354 2025; x_wconf 88' lang='lat' dir='ltr'>eandem</span> <span class='ocrx_word' id='word_1_269' title='bbox 1381 1997 1461 2025; x_wconf 88' lang='lat' dir='ltr'>esse</span> <span class='ocrx_word' id='word_1_270' title='bbox 1490 1987 1603 2036; x_wconf 90' lang='lat' dir='ltr'>atque</span> 
     </span>
     <span class='ocr_line' id='line_1_32' title="bbox 115 2042 1604 2100; baseline 0.001 -13"><span class='ocrx_word' id='word_1_271' title='bbox 115 2052 154 2088; x_wconf 86' lang='lat' dir='ltr'>in</span> <span class='ocrx_word' id='word_1_272' title='bbox 183 2051 274 2088; x_wconf 92' lang='lat' dir='ltr'>libro</span> <span class='ocrx_word' id='word_1_273' title='bbox 304 2053 405 2089; x_wconf 89' lang='lat' dir='ltr'>sexto</span> <span class='ocrx_word' id='word_1_274' title='bbox 434 2052 664 2100; x_wconf 88' lang='lat' dir='ltr'>septimoque</span> <span class='ocrx_word' id='word_1_275' title='bbox 693 2052 875 2100; x_wconf 91' lang='lat' dir='ltr'>copiosius</span> <span class='ocrx_word' id='word_1_276' title='bbox 903 2051 1126 2100; x_wconf 86' lang='lat' dir='ltr'>explicatam</span> <span class='ocrx_word' id='word_1_277' title='bbox 1155 2051 1216 2100; x_wconf 88' lang='lat' dir='ltr'>(cf.</span> <span class='ocrx_word' id='word_1_278' title='bbox 1244 2043 1336 2089; x_wconf 86' lang='lat' dir='ltr'>‘Der</span> <span class='ocrx_word' id='word_1_279' title='bbox 1363 2051 1503 2099; x_wconf 89' lang='lat' dir='ltr'>platon.</span> <span class='ocrx_word' id='word_1_280' title='bbox 1535 2042 1604 2088; x_wconf 69' lang='lat' dir='ltr'>St.³</span> 
     </span>
     <span class='ocr_line' id='line_1_33' title="bbox 115 2114 1604 2164; baseline 0 -12"><span class='ocrx_word' id='word_1_281' title='bbox 115 2127 149 2164; x_wconf 91' lang='lat' dir='ltr'>p.</span> <span class='ocrx_word' id='word_1_282' title='bbox 183 2115 270 2160; x_wconf 85' lang='lat'>128,</span> <span class='ocrx_word' id='word_1_283' title='bbox 304 2115 412 2164; x_wconf 81' lang='lat'>144);</span> <span class='ocrx_word' id='word_1_284' title='bbox 454 2126 604 2164; x_wconf 90' lang='lat' dir='ltr'>prorsus</span> <span class='ocrx_word' id='word_1_285' title='bbox 634 2115 734 2153; x_wconf 89' lang='lat' dir='ltr'>enim</span> <span class='ocrx_word' id='word_1_286' title='bbox 763 2126 844 2153; x_wconf 88' lang='lat' dir='ltr'>esse</span> <span class='ocrx_word' id='word_1_287' title='bbox 873 2114 1069 2164; x_wconf 90' lang='lat' dir='ltr'>utriusque</span> <span class='ocrx_word' id='word_1_288' title='bbox 1098 2114 1287 2153; x_wconf 87' lang='lat' dir='ltr'>diversum</span> <span class='ocrx_word' id='word_1_289' title='bbox 1316 2115 1428 2163; x_wconf 89' lang='lat' dir='ltr'>atque</span> <span class='ocrx_word' id='word_1_290' title='bbox 1457 2116 1604 2153; x_wconf 86' lang='lat' dir='ltr'>contra-</span> 
     </span>
     <span class='ocr_line' id='line_1_34' title="bbox 114 2179 1603 2228; baseline -0.001 -11"><span class='ocrx_word' id='word_1_291' title='bbox 114 2180 213 2216; x_wconf 92' lang='lat' dir='ltr'>rium</span> <span class='ocrx_word' id='word_1_292' title='bbox 248 2191 400 2217; x_wconf 88' lang='lat' dir='ltr'>munus.</span> <span class='ocrx_word' id='word_1_293' title='bbox 464 2179 564 2217; x_wconf 89' lang='lat' dir='ltr'>Nam</span> <span class='ocrx_word' id='word_1_294' title='bbox 603 2191 690 2217; x_wconf 92' lang='lat' dir='ltr'>cum</span> <span class='ocrx_word' id='word_1_295' title='bbox 726 2180 791 2216; x_wconf 89' lang='lat' dir='ltr'>illa</span> <span class='ocrx_word' id='word_1_296' title='bbox 826 2180 895 2217; x_wconf 91' lang='lat' dir='ltr'>hoc</span> <span class='ocrx_word' id='word_1_297' title='bbox 929 2181 1064 2227; x_wconf 85' lang='lat' dir='ltr'>agatur</span> <span class='ocrx_word' id='word_1_298' title='bbox 1098 2181 1142 2217; x_wconf 90' lang='lat' dir='ltr'>ut</span> <span class='ocrx_word' id='word_1_299' title='bbox 1176 2179 1362 2228; x_wconf 90' lang='lat' dir='ltr'>tripertita</span> <span class='ocrx_word' id='word_1_300' title='bbox 1404 2179 1522 2216; x_wconf 90' lang='lat' dir='ltr'>animi</span> <span class='ocrx_word' id='word_1_301' title='bbox 1564 2179 1603 2216; x_wconf 89' lang='lat' dir='ltr'>in</span> 
     </span>
     <span class='ocr_line' id='line_1_35' title="bbox 114 2242 1605 2293; baseline -0.001 -11"><span class='ocrx_word' id='word_1_302' title='bbox 114 2243 309 2289; x_wconf 89' lang='lat' dir='ltr'>rationem,</span> <span class='ocrx_word' id='word_1_303' title='bbox 339 2244 447 2288; x_wconf 87' lang='lat' dir='ltr'>iram,</span> <span class='ocrx_word' id='word_1_304' title='bbox 477 2243 721 2293; x_wconf 89' lang='lat' dir='ltr'>cupiditatem</span> <span class='ocrx_word' id='word_1_305' title='bbox 757 2244 889 2281; x_wconf 92' lang='lat' dir='ltr'>divisio</span> <span class='ocrx_word' id='word_1_306' title='bbox 925 2243 1100 2282; x_wconf 88' lang='lat' dir='ltr'>subtilius</span> <span class='ocrx_word' id='word_1_307' title='bbox 1141 2243 1188 2281; x_wconf 89' lang='lat' dir='ltr'>ad</span> <span class='ocrx_word' id='word_1_308' title='bbox 1226 2242 1452 2281; x_wconf 85' lang='lat' dir='ltr'>evidentiam</span> <span class='ocrx_word' id='word_1_309' title='bbox 1487 2242 1605 2281; x_wconf 90' lang='lat' dir='ltr'>addu-</span> 
     </span>
     <span class='ocr_line' id='line_1_36' title="bbox 115 2307 1605 2355; baseline -0.001 -10"><span class='ocrx_word' id='word_1_310' title='bbox 115 2309 233 2352; x_wconf 90' lang='lat' dir='ltr'>catur,</span> <span class='ocrx_word' id='word_1_311' title='bbox 263 2308 333 2345; x_wconf 79' lang='lat' dir='ltr'>ha&#39;c</span> <span class='ocrx_word' id='word_1_312' title='bbox 361 2309 512 2345; x_wconf 87' lang='lat' dir='ltr'>tantum</span> <span class='ocrx_word' id='word_1_313' title='bbox 541 2308 672 2345; x_wconf 89' lang='lat' dir='ltr'>abesse</span> <span class='ocrx_word' id='word_1_314' title='bbox 693 2309 737 2345; x_wconf 91' lang='lat' dir='ltr'>ut</span> <span class='ocrx_word' id='word_1_315' title='bbox 757 2308 825 2345; x_wconf 87' lang='lat' dir='ltr'>tali</span> <span class='ocrx_word' id='word_1_316' title='bbox 845 2308 996 2345; x_wconf 88' lang='lat' dir='ltr'>consilio</span> <span class='ocrx_word' id='word_1_317' title='bbox 1017 2307 1187 2352; x_wconf 90' lang='lat' dir='ltr'>satisfiat,</span> <span class='ocrx_word' id='word_1_318' title='bbox 1216 2308 1260 2344; x_wconf 93' lang='lat' dir='ltr'>ut</span> <span class='ocrx_word' id='word_1_319' title='bbox 1288 2309 1465 2355; x_wconf 91' lang='lat' dir='ltr'>quattuor</span> <span class='ocrx_word' id='word_1_320' title='bbox 1491 2307 1605 2345; x_wconf 91' lang='lat' dir='ltr'>intro-</span> 
     </span>
     <span class='ocr_line' id='line_1_37' title="bbox 114 2364 1602 2421; baseline -0.001 -12"><span class='ocrx_word' id='word_1_321' title='bbox 114 2372 302 2409; x_wconf 92' lang='lat' dir='ltr'>ducantur</span> <span class='ocrx_word' id='word_1_322' title='bbox 320 2382 438 2409; x_wconf 88' lang='lat' dir='ltr'>novae</span> <span class='ocrx_word' id='word_1_323' title='bbox 456 2372 593 2410; x_wconf 88' lang='lat' dir='ltr'>mentis</span> <span class='ocrx_word' id='word_1_324' title='bbox 613 2372 803 2410; x_wconf 88' lang='lat' dir='ltr'>humanae</span> <span class='ocrx_word' id='word_1_325' title='bbox 831 2371 1031 2409; x_wconf 84' lang='lat' dir='ltr'>facultates</span> <span class='ocrx_word' id='word_1_326' title='bbox 1061 2364 1230 2421; x_wconf 79' lang='grc' dir='ltr'><em>(γνώσις,</em></span> <span class='ocrx_word' id='word_1_327' title='bbox 1260 2364 1428 2417; x_wconf 77' lang='grc' dir='ltr'><em>διάνοια,</em></span> <span class='ocrx_word' id='word_1_328' title='bbox 1450 2367 1602 2417; x_wconf 79' lang='grc' dir='ltr'><em>πίστις,</em></span> 
     </span>
     <span class='ocr_line' id='line_1_38' title="bbox 114 2432 1604 2484; baseline -0.001 -12"><span class='ocrx_word' id='word_1_329' title='bbox 114 2432 288 2484; x_wconf 78' lang='grc' dir='ltr'>εἰκασία)</span> <span class='ocrx_word' id='word_1_330' title='bbox 328 2447 423 2483; x_wconf 88' lang='lat' dir='ltr'>quae</span> <span class='ocrx_word' id='word_1_331' title='bbox 466 2447 554 2473; x_wconf 92' lang='lat' dir='ltr'>cum</span> <span class='ocrx_word' id='word_1_332' title='bbox 594 2436 714 2473; x_wconf 90' lang='lat' dir='ltr'>tribus</span> <span class='ocrx_word' id='word_1_333' title='bbox 742 2436 780 2472; x_wconf 92' lang='lat' dir='ltr'>in</span> <span class='ocrx_word' id='word_1_334' title='bbox 810 2435 901 2472; x_wconf 92' lang='lat' dir='ltr'>libro</span> <span class='ocrx_word' id='word_1_335' title='bbox 930 2437 1062 2483; x_wconf 88' lang='lat' dir='ltr'>quarto</span> <span class='ocrx_word' id='word_1_336' title='bbox 1090 2435 1243 2483; x_wconf 87' lang='lat' dir='ltr'>prolatis</span> <span class='ocrx_word' id='word_1_337' title='bbox 1271 2446 1345 2472; x_wconf 92' lang='lat' dir='ltr'>non</span> <span class='ocrx_word' id='word_1_338' title='bbox 1373 2434 1482 2472; x_wconf 93' lang='lat' dir='ltr'>modo</span> <span class='ocrx_word' id='word_1_339' title='bbox 1511 2434 1604 2472; x_wconf 91' lang='lat' dir='ltr'>nihil</span> 
     </span>
     <span class='ocr_line' id='line_1_39' title="bbox 114 2497 1601 2546; baseline -0.001 -9"><span class='ocrx_word' id='word_1_340' title='bbox 114 2499 279 2538; x_wconf 88' lang='lat' dir='ltr'>habeant</span> <span class='ocrx_word' id='word_1_341' title='bbox 316 2510 533 2546; x_wconf 89' lang='lat' dir='ltr'>commune,</span> <span class='ocrx_word' id='word_1_342' title='bbox 576 2499 640 2538; x_wconf 89' lang='lat' dir='ltr'>sed</span> <span class='ocrx_word' id='word_1_343' title='bbox 677 2510 739 2538; x_wconf 89' lang='lat' dir='ltr'>eas</span> <span class='ocrx_word' id='word_1_344' title='bbox 783 2498 899 2538; x_wconf 89' lang='lat' dir='ltr'>etiam</span> <span class='ocrx_word' id='word_1_345' title='bbox 943 2498 1113 2537; x_wconf 89' lang='lat' dir='ltr'>funditus</span> <span class='ocrx_word' id='word_1_346' title='bbox 1149 2499 1320 2537; x_wconf 84' lang='lat' dir='ltr'>evertant</span> <span class='ocrx_word' id='word_1_347' title='bbox 1358 2508 1401 2536; x_wconf 91' lang='lat' dir='ltr'>ac</span> <span class='ocrx_word' id='word_1_348' title='bbox 1443 2497 1601 2537; x_wconf 90' lang='lat' dir='ltr'>deleant.</span> 
     </span>
    </p>
   </div>
  </div>
 </body>
</html>
