1786 2742
837 68 890 105 30

241 195 415 232 Primum
443 195 596 243 quidem
624 197 696 234 etsi
724 197 761 233 in
790 196 882 234 libro
912 199 1044 245 quarto
1072 198 1167 236 ratio
1197 198 1266 246 (sic
1294 198 1393 236 enim
1420 192 1467 235 τὸ
1485 197 1618 248 λογισ-

132 252 244 295 τικόν
270 259 576 308 interpretamur)
606 260 803 308 praecipue
831 271 915 297 eam
943 261 1020 298 vim
1048 261 1183 299 habere
1212 262 1358 299 videtur
1376 263 1420 299 ut
1447 262 1492 299 de
1513 262 1618 299 bonis

132 323 244 361 rebus
286 325 324 362 et
365 323 476 361 malis
512 335 696 373 quaerens
737 323 860 374 ipsam
902 315 1038 371 οὐσίας
1073 325 1323 374 cognitionem
1358 326 1508 364 omnino
1543 337 1617 365 non

131 390 247 433 curet,
276 390 405 426 tamen
433 388 590 426 minime
625 400 670 427 ex
708 399 749 426 eo
785 388 881 426 effici
908 389 1145 427 concedimus
1174 390 1271 438 quod
1299 390 1491 428 Krohnius
1518 390 1618 428 haud

132 453 354 489 cunctanter
382 452 577 497 conclusit,
604 454 648 489 ut
675 454 714 490 et
740 452 849 501 plura
877 452 922 490 de
950 452 1028 490 eius
1058 455 1193 491 natura
1221 455 1259 492 et
1286 453 1488 502 agitatione
1513 453 1619 492 Plato

130 518 214 553 tum
233 516 355 554 dicere
375 516 573 554 nesciverit
596 518 634 554 et
653 517 753 554 hunc
775 516 900 554 locum
920 518 1043 555 totum
1063 518 1112 555 ad
1131 518 1272 555 exitum
1292 529 1374 556 esse
1393 518 1617 567 perductum

131 580 300 617 voluerit.
357 578 473 627 Quasi
501 591 586 618 vero
615 590 689 618 non
716 580 788 629 ipsi
817 581 995 629 quattuor
1030 580 1185 619 Politiae
1219 581 1305 619 libri
1332 581 1455 631 primi,
1483 581 1619 630 quibus

132 644 250 681 animi
278 644 435 682 humani
467 646 605 682 natura
640 645 794 693 eiusque
829 646 953 693 partes
990 646 1220 691 tractantur,
1258 645 1369 684 huius
1406 646 1619 694 argumenti

132 708 378 756 amplitudine
407 708 607 745 ostendant
625 708 806 746 maiorem
826 708 1017 756 quandam
1042 709 1276 747 obversatam
1296 720 1379 747 esse
1406 709 1619 758 philosopho

131 771 352 810 facultatem
380 772 519 810 mentis
548 783 663 821 quam
692 772 811 810 solam
836 771 1035 810 libidinum
1054 772 1346 811 moderationem
1375 774 1413 811 et
1430 772 1619 811 notionem

131 836 288 874 honesti.
347 835 444 883 Quid
472 838 588 874 vero?
642 836 815 874 Indidem
844 836 942 885 quod
970 837 1064 874 ratio
1094 836 1241 875 duabus
1268 837 1450 886 partibus,
1478 837 1555 874 irae
1583 839 1620 874 et

132 900 329 949 cupiditati
371 900 585 949 opponitur,
621 912 746 939 nonne
784 902 937 950 apparet
969 901 1231 950 philosophum
1268 901 1302 939 ei
1336 912 1409 939 non
1437 901 1546 939 modo
1575 900 1620 939 de

132 965 326 1002 honestate
354 965 549 1009 iudicium,
586 965 651 1003 sed
688 976 932 1013 quaecunque
960 965 1007 1002 ad
1035 967 1201 1003 mentem
1229 965 1388 1002 hominis
1417 967 1455 1003 et
1482 965 1620 1012 cogita-

131 1028 275 1066 tionem
300 1028 515 1077 pertineant
535 1029 719 1077 tanquam
742 1039 851 1066 suam
873 1028 1102 1078 provinciam
1126 1027 1399 1067 destinavisse?
1440 1027 1514 1067 Sed
1532 1029 1622 1067 licet

131 1092 225 1130 ratio
254 1092 292 1129 in
321 1092 415 1130 libro
436 1094 569 1140 quarto
588 1092 665 1130 vim
693 1092 831 1130 habeat
849 1092 1045 1141 praecipue
1064 1093 1245 1130 moralem
1270 1103 1338 1130 nec
1365 1092 1620 1131 sublimiorem

131 1152 200 1192 τοῦ
236 1147 348 1200 ὄντος
385 1155 583 1193 scientiam
621 1157 747 1204 aperte
783 1157 984 1204 sequatur,
1020 1167 1113 1193 num
1150 1156 1190 1193 in
1225 1155 1487 1204 posterioribus
1516 1156 1621 1193 libris

131 1219 202 1256 alio
231 1219 378 1256 videtur
405 1219 542 1257 mentis
572 1219 669 1257 acies
699 1230 780 1257 esse
808 1219 952 1257 intenta
988 1219 1061 1257 nisi
1097 1220 1137 1256 in
1172 1219 1320 1257 virtutis
1349 1220 1388 1257 et
1413 1219 1620 1257 honestatis

130 1283 245 1329 ideas,
274 1283 323 1321 ad
352 1295 445 1332 quas
473 1283 626 1332 ingenia
654 1295 699 1322 ac
726 1295 849 1321 mores
875 1295 990 1332 quam
1009 1284 1170 1321 maxime
1199 1283 1481 1321 conformentur
1508 1285 1621 1332 atque

132 1347 351 1392 excolantur
395 1346 455 1394 (cf.
497 1347 529 1384 V
560 1347 638 1385 476
665 1348 709 1385 A.
739 1347 783 1384 B.
819 1347 897 1384 479
926 1348 969 1384 A.
999 1346 1041 1384 Ε.
1083 1346 1138 1384 VI
1165 1347 1243 1384 493
1287 1346 1327 1384 C.
1371 1347 1447 1384 500
1477 1345 1517 1384 O.
1546 1346 1623 1395 D)?

130 1410 305 1461 Namque
343 1410 445 1450 aliud
480 1410 686 1450 formarum
721 1422 841 1460 genus
878 1422 924 1450 ne
959 1410 1144 1450 nominari
1172 1410 1325 1461 quidem
1361 1410 1617 1450 meminimus.

131 1476 187 1512 Ex
215 1487 288 1524 quo
316 1487 405 1513 cum
433 1476 674 1523 intellegatur
701 1476 974 1513 nobilissimam
1002 1476 1108 1512 illam
1136 1475 1252 1512 animi
1276 1476 1355 1512 vim
1383 1476 1462 1512 tota
1487 1475 1623 1512 Politia

132 1540 355 1588 occupatam
384 1538 458 1577 dici
485 1539 525 1577 in
554 1538 790 1588 exquirendis
819 1538 926 1576 bonis
962 1538 1073 1576 rebus
1109 1539 1147 1576 et
1173 1538 1306 1583 malis,
1342 1538 1476 1576 dehinc
1511 1549 1623 1588 quae-

130 1604 228 1641 ritur
262 1603 419 1640 liceatne
457 1603 607 1650 longius
650 1603 928 1652 progredientes
957 1602 1140 1639 rationem
1176 1602 1316 1649 ubique
1344 1602 1502 1639 eandem
1538 1613 1620 1640 esse

132 1668 270 1705 natura
298 1677 367 1705 nec
394 1666 535 1705 mutari
565 1666 641 1704 ulla
676 1677 720 1704 ex
748 1667 853 1715 parte
890 1667 958 1704 aut
985 1665 1033 1703 ad
1060 1664 1316 1715 perfectiorem
1345 1664 1448 1703 evehi
1478 1666 1621 1703 statum

132 1730 369 1769 contendere.
434 1730 541 1777 Quod
577 1731 631 1768 ita
670 1742 752 1768 esse
789 1730 979 1767 Krohnius
1015 1731 1230 1767 constanter
1269 1741 1413 1778 negans
1455 1729 1508 1768 sic
1549 1729 1624 1767 fere

133 1796 422 1843 argumentatur
450 1794 500 1844 (d.
529 1795 578 1844 pl.
608 1794 727 1843 Frage
755 1806 789 1843 p.
820 1795 910 1844 37):
950 1795 1048 1832 Ante
1067 1793 1189 1842 quinti
1217 1793 1301 1831 libri
1329 1793 1445 1832 finem
1472 1804 1624 1831 omnem

133 1858 335 1896 desiderari
358 1858 643 1896 reconditiorem
668 1850 804 1902 οὗσίας
831 1858 1051 1902 doctrinam,
1080 1857 1264 1894 dominari
1283 1850 1402 1908 φύσιν
1429 1858 1467 1894 et
1493 1857 1531 1893 in
1551 1868 1624 1905 quo

133 1933 177 1960 ea
206 1922 255 1959 sit
282 1916 328 1959 τὸ
357 1915 599 1972 γιγνόμενον,
643 1922 793 1959 nullum
830 1921 911 1959 fieri
948 1921 1022 1958 nisi
1050 1920 1148 1958 inter
1176 1920 1372 1958 scientiam
1400 1921 1439 1958 et
1465 1920 1626 1958 inscien-

132 1985 228 2023 tiam
257 1985 469 2031 discrimen,
499 1997 594 2034 quae
616 1985 768 2034 quidem
797 1985 848 2023 sit
875 1996 898 2022 a
928 1983 1079 2023 Socrate
1103 1983 1211 2033 quasi
1231 1984 1438 2022 hereditate
1469 1985 1621 2033 accepta

131 2050 247 2095 ratio,
286 2051 400 2099 atque
437 2051 589 2088 tantum
626 2050 755 2088 abesse
789 2050 834 2087 ut
875 2048 995 2098 opinio
1031 2047 1244 2087 inferiorem
1286 2048 1411 2086 locum
1452 2047 1622 2086 obtinens

131 2114 308 2152 scientiae
344 2115 569 2163 opponatur,
607 2116 651 2152 ut
686 2124 803 2163 paene
845 2113 975 2151 eadem
1012 2123 1087 2161 qua
1122 2112 1186 2149 illa
1223 2112 1445 2150 auctoritate
1481 2113 1622 2150 utatur.

131 2177 175 2214 In
204 2178 335 2225 quinto
364 2177 520 2215 demum
548 2178 641 2215 libro
679 2179 843 2215 extremo
880 2176 1113 2214 subtiliorem
1150 2175 1261 2225 incipi
1297 2175 1342 2213 de
1371 2186 1497 2212 rerum
1525 2176 1621 2212 veri-

130 2242 209 2279 tate
237 2241 552 2290 disputationem,
591 2253 635 2279 ac
674 2243 758 2279 tum
794 2241 948 2279 demum
983 2252 1043 2278 res
1071 2251 1156 2278 vere
1184 2240 1399 2278 constantes
1428 2241 1465 2277 et
1493 2250 1623 2277 earum

132 2305 304 2343 sensibus
334 2306 522 2343 subiectas
550 2306 735 2353 imagines
765 2305 935 2349 discerni,
971 2304 1070 2342 unde
1110 2304 1226 2342 etiam
1263 2303 1342 2341 fieri
1371 2305 1416 2340 ut
1442 2303 1622 2352 opinionis

132 2380 271 2408 nomen
300 2381 368 2407 sua
397 2381 441 2408 ac
468 2369 615 2419 propria
643 2369 678 2408 vi
698 2369 911 2419 praeditum
939 2367 1201 2407 introducatur
1219 2369 1334 2417 atque
1361 2368 1406 2405 ut
1433 2378 1492 2405 res
1512 2367 1622 2416 plane

128 2445 224 2471 nova
245 2444 333 2471 cum
352 2445 492 2482 magna
512 2434 689 2471 orationis
718 2434 823 2483 copia
843 2433 1072 2482 explanetur.
1128 2432 1182 2469 Ut
1206 2431 1322 2480 igitur
1349 2431 1402 2469 rei
1430 2442 1621 2471 summam

129 2498 231 2536 brevi
259 2497 496 2546 complectar,
524 2497 679 2535 offendit
706 2498 768 2536 ille
797 2497 834 2535 in
864 2508 906 2535 eo
935 2496 1173 2545 potissimum
1203 2495 1302 2543 quod
1330 2506 1397 2533 vox
1426 2494 1626 2544 opinionis,
