1786 2742
887 51 934 88 15

176 180 225 220 ad
251 179 463 219 divinarum
490 178 677 229 exemplar
703 178 873 218 idearum
900 180 1027 218 essent
1060 178 1269 217 condituri?
1332 178 1453 217 Immo
1489 178 1587 217 sicut
1614 179 1653 217 111

176 245 327 282 Timaeo
354 243 569 283 aedificator
593 243 726 281 mundi
754 255 798 281 ex
824 243 952 281 formis
980 245 1018 281 et
1044 244 1204 281 materia
1231 245 1399 292 procreat
1417 255 1542 282 rerum
1571 244 1657 281 uni-

176 307 404 352 versitatem,
432 307 487 345 sic
513 306 552 344 in
580 306 715 345 Politia
742 306 848 344 Plato
875 306 1040 356 primum
1072 317 1116 345 ex
1142 306 1225 344 idea
1252 307 1339 344 boni
1366 317 1411 344 ac
1437 306 1586 344 virtutis
1614 307 1654 343 in

175 371 372 409 hominum
407 370 551 409 naturis
586 381 630 408 ac
664 370 831 409 moribus
864 371 1045 420 impressa
1072 370 1305 420 praeclarum
1339 370 1433 408 illud
1461 370 1651 409 societatis

177 434 296 473 civilis
325 434 512 483 specimen
538 434 648 482 fingit
676 433 753 483 (lib.
781 434 916 485 I—V)‚
943 434 1075 473 deinde
1101 434 1333 483 philosophos
1361 435 1565 484 praeceptis
1593 434 1649 471 in-

178 498 291 537 struit
317 500 355 536 et
384 500 536 537 exornat
563 509 659 547 quae
687 498 805 537 secuti
833 499 959 537 mente
986 499 1204 548 conceptam
1230 509 1358 536 revera
1385 498 1558 536 efficiant.

284 572 440 611 Prorsus
476 573 704 612 contrarium
745 584 790 612 ac
824 572 930 612 nobis
965 572 1011 611 de
1052 573 1122 611 hac
1163 584 1203 611 re
1236 572 1360 611 visum
1398 574 1456 611 est
1489 573 1652 611 Krohnio

179 637 260 687 (der
292 637 382 687 plat.
419 636 529 676 Staat
562 650 597 687 p.
637 638 720 687 18),
756 648 842 676 eam
883 649 997 687 quam
1032 637 1142 676 Plato
1179 630 1297 689 φύσιν
1332 639 1438 676 vocet
1474 637 1652 676 iudicanti

177 702 339 751 primam
366 712 447 740 esse
475 701 635 740 civitatis
654 702 763 751 quasi
781 701 1044 747 substantiam,
1072 713 1116 740 ex
1144 712 1219 750 qua
1245 701 1370 739 omnia
1396 703 1650 740 nascerentur.

176 766 300 815 Atque
334 765 414 804 eius
454 765 818 815 argumentationem
857 766 918 803 vix
957 765 1092 815 poterit
1136 764 1303 803 refellere
1339 765 1400 803 cui
1435 776 1519 804 eam
1556 776 1652 814 quae

177 840 297 878 usque
325 829 373 867 ad
399 829 537 868 librum
564 830 738 879 quintum
772 829 954 879 profertur
990 829 1151 868 civitatis
1179 829 1339 879 optimae
1367 829 1653 878 descriptionem

178 904 222 932 ex
250 904 290 932 se
316 893 399 942 ipsa
426 893 683 943 explicandam
718 904 763 932 ac
803 893 1080 932 diiudicandam
1108 904 1189 931 esse
1215 893 1416 942 probatum
1444 893 1525 938 erit,
1554 893 1653 942 quod

177 968 245 1005 ego
272 957 380 995 aliter
398 968 479 995 esse
498 968 611 1006 supra
630 957 892 996 demonstravi.
946 956 1217 995 Verumtamen
1241 957 1389 995 etiamsi
1408 956 1656 995 concedamus

177 1020 216 1059 id
242 1020 419 1067 Krohnio,
447 1022 575 1060 tamen
603 1014 721 1073 φύσις
748 1032 822 1059 11011
848 1022 972 1070 1101331
989 1020 1142 1059 unicum
1161 1020 1323 1058 civitatis
1351 1020 1544 1059 absolutae
1573 1032 1654 1059 esse

177 1084 513 1135 fundamentuml).
575 1085 725 1123 Etenim
761 1096 849 1123 cum
885 1085 1023 1123 civium
1060 1085 1156 1122 alius
1191 1084 1240 1122 ad
1273 1084 1374 1122 aliud
1402 1084 1566 1122 officium
1594 1096 1654 1122 ex-

179 1148 411 1197 sequendum
438 1159 558 1197 neque
586 1148 635 1187 ad
662 1148 788 1186 omnia
815 1160 944 1187 omnes
972 1150 1108 1186 natura
1135 1148 1257 1186 idonei
1284 1148 1433 1197 aptique
1463 1149 1548 1194 sint,
1568 1148 1651 1186 aliis

177 1212 369 1254 ordinibus
397 1212 462 1253 alii
489 1212 754 1253 adscribuntur
781 1212 999 1264 diversaque
1028 1212 1080 1253 eis
1108 1223 1265 1252 munera
1292 1212 1546 1264 imponuntur.
1601 1212 1653 1251 Hi

178 1277 324 1315 ordines
352 1278 529 1325 quoniam
556 1279 632 1315 tres
659 1278 698 1314 in
726 1278 875 1315 civitate
902 1279 1161 1322 instituuntur,
1190 1289 1340 1315 necesse
1368 1280 1437 1321 est,
1466 1279 1651 1325 siquidem

175 1340 364 1380 Krohnius
399 1342 499 1380 recte
535 1342 836 1391 argumentatur,
870 1341 947 1380 tres
974 1341 1125 1379 tantum
1153 1333 1291 1393 φύσεις
1318 1341 1473 1379 exstare.
1539 1340 1654 1390 Atqui
1706 1338 1708 1340 ’

176 1407 428 1443 numerantur
446 1409 638 1453 praeterea
656 1406 753 1443 inter
779 1406 939 1443 civitatis
968 1406 1108 1443 incolas
1126 1405 1261 1443 medici
1290 1405 1362 1453 (ΙΙΙ
1389 1405 1654 1454 408),1111111133

176 1467 250 1517 (ΙΠ
277 1467 385 1520 409),
412 1469 541 1518 poetae
572 1467 625 1518 (II
653 1468 730 1506 377
758 1467 821 1519 B),
849 1467 985 1517 quibus
1013 1467 1185 1506 omnibus
1203 1478 1268 1517 pro
1297 1467 1476 1506 facultate
1504 1478 1573 1506 sua
1601 1468 1658 1505 in—

175 1532 332 1580 genium
359 1544 440 1572 esse
467 1534 658 1582 proprium
685 1534 723 1571 et
750 1532 798 1571 ab
826 1532 910 1571 aliis
938 1532 1151 1582 discrepans
1179 1543 1289 1571 nemo
1318 1532 1481 1583 negabit.
1537 1531 1658 1571 Erant

174 1595 300 1645 igitur,
329 1596 362 1635 si
390 1597 470 1635 sola
498 1590 617 1649 φύσις
643 1596 869 1646 principium
896 1595 1057 1635 civitatis
1085 1597 1202 1642 esset,
1239 1595 1388 1634 illorum
1423 1607 1569 1645 quoque
1599 1607 1656 1634 se·

172 1661 295 1710 parati
332 1662 379 1700 ab
418 1661 501 1700 aliis
536 1661 682 1700 ordines
717 1660 949 1707 formandi2).
1019 1659 1126 1708 Quod
1168 1672 1256 1699 cum
1292 1660 1435 1709 factum
1474 1672 1547 1699 non
1576 1672 1656 1700 esse

173 1724 388 1771 videamus,
424 1725 585 1763 civitatis
620 1725 685 1763 illa
720 1725 908 1775 tripartita
944 1724 1075 1763 divisio
1112 1724 1211 1763 unde
1245 1724 1427 1773 originem
1462 1724 1576 1762 ducat
1614 1736 1657 1762 ex

175 1788 333 1827 Krohnii
362 1788 514 1838 quidem
540 1789 683 1828 ratione
710 1789 912 1828 obscurum
940 1789 1008 1827 est.
1073 1788 1205 1838 Itaque
1232 1799 1320 1827 cum
1348 1788 1467 1827 solam
1495 1788 1657 1827 indolem

176 1852 386 1891 humanam
413 1853 462 1891 ad
488 1852 714 1902 reipublicae
732 1852 946 1891 Platonicae
972 1853 1149 1890 naturam
1178 1864 1222 1890 ac
1250 1852 1529 1901 discriptionem
1557 1854 1655 1891 recte

174 1916 466 1965 intellegendam
495 1928 629 1966 parum
666 1916 835 1955 sufficere
876 1918 1049 1966 apertum
1084 1917 1150 1962 sit,
1185 1928 1260 1962 non
1287 1916 1409 1965 inepte
1436 1917 1543 1955 nobis
1571 1928 1657 1955 con-

175 1980 324 2021 cludere
358 1981 529 2021 videmur
563 1980 651 2020 inde
684 1982 834 2020 nostrae
870 1980 1075 2020 sententiae
1111 1981 1199 2019 ante
1239 1979 1446 2030 propositae
1488 1980 1656 2019 nonnihil

174 2046 316 2083 roboris
343 2056 388 2083 ac
414 2046 643 2084 firmamenti
671 2045 863 2091 accedere,
898 2045 1010 2094 idque
1049 2056 1091 2083 30
1130 2044 1375 2083 confidentius
1401 2045 1456 2083 ita
1483 2045 1656 2083 futurum

174 2120 256 2148 esse
284 2120 478 2159 speramus
508 2109 606 2159 quod
632 2109 671 2147 in
698 2109 897 2158 posteriore
924 2110 1030 2158 parte
1058 2108 1320 2158 disputationis
1339 2108 1521 2158 triplicem
1548 2109 1654 2147 illam

174 2173 336 2212 civitatis
365 2173 526 2212 formam
553 2173 601 2212 ad
627 2173 790 2212 iustitiae
819 2173 990 2223 speciem,
1020 2184 1115 2222 quae
1140 2172 1257 2211 trium
1285 2172 1400 2211 animi
1429 2173 1654 2212 facultatum

174 2238 428 2288 conspirantia
468 2240 724 2288 concentuque
760 2238 1012 2284 contineatur,
1053 2237 1302 2277 revocandam
1337 2249 1418 2277 esse
1453 2237 1652 2288 apparebit.

283 2398 307 2437 ¹)
330 2397 378 2429 Cf.
401 2397 556 2428 Zellerum
581 2398 613 2428 11
632 2398 647 2429 1
673 2408 701 2438 p.
727 2399 789 2430 766
811 2397 958 2429 similiter
980 2396 1182 2429 iudicantem.
1318 2423 1322 2425 <

284 2451 309 2491 2)
332 2450 378 2482 Ac
401 2450 489 2482 venit
510 2450 568 2482 hoc
590 2459 665 2482 sane
687 2450 718 2481 in
741 2451 877 2481 mentem
900 2449 1042 2481 Krohnio
1063 2449 1131 2490 (der
1153 2449 1230 2490 plat.
1256 2450 1302 2483 St.
1326 2460 1355 2491 p.
1380 2452 1448 2487 14),
1477 2450 1530 2482 sed
1554 2450 1651 2483 ratio-

173 2512 244 2534 nem
267 2504 311 2535 rei
333 2513 394 2535 non
417 2503 577 2535 inveniens
600 2503 736 2535 breviter
758 2503 994 2544 praetermittit.
1139 2498 1146 2505 χ
