1786 2742
849 58 897 95 13

137 185 175 222 et
201 178 248 221 τὸ
276 177 498 234 γιγνόμενον
524 194 598 221 11011
625 183 750 221 minus
770 194 887 232 quam
905 183 945 221 in
965 183 1096 222 ceteris
1124 184 1249 222 valent
1276 195 1320 222 ac
1348 184 1485 231 vigent.
1539 183 1613 221 Sed

138 247 185 285 de
212 247 271 285 his
299 258 388 285 cum
415 247 557 285 occasio
585 247 709 285 oblata
744 247 815 285 erit
848 247 1074 293 videbimus,
1111 259 1211 285 nunc
1245 247 1293 285 ad
1334 247 1472 296 priores
1501 247 1613 285 libros

137 311 275 350 reversi
302 311 371 349 hoc
398 311 504 349 nobis
532 311 718 349 sumimus
745 312 802 356 ut,
829 321 917 349 cum
944 310 1053 349 Plato
1087 311 1164 360 ipse
1192 323 1253 349 eos
1272 311 1423 349 fabulae
1452 311 1613 349 similem

138 375 388 414 narrationem
415 375 552 414 habere
579 387 652 413 non
680 376 797 414 semel
824 375 950 413 dicens
981 375 1054 424 (ΙΙΙ
1082 376 1159 413 396
1191 375 1236 420 D,
1265 375 1318 413 VI
1347 375 1420 413 501
1451 375 1498 425 Ε)
1528 387 1615 413 0011-

138 442 371 479 summatam
399 440 606 478 doctrinam
634 440 820 478 continere
848 428 1048 487 negaverit,
1077 451 1152 478 non
1178 440 1273 478 solos
1301 451 1345 478 ex
1373 451 1411 478 se
1439 439 1529 488 ipsis
1557 439 1614 477 in-

136 503 364 551 tellegendos
392 505 430 541 et
456 503 712 540 diiudicandos
740 514 820 541 esse
846 505 1032 551 putemus.
1088 503 1196 541 Unde
1224 514 1309 540 vero
1329 503 1529 551 repetenda
1556 505 1615 541 cst

136 578 245 605 verae
277 567 552 615 intellegentiae
586 567 746 605 norma?
800 566 963 605 Zellerus
998 566 1149 615 quidem
1185 566 1223 615 (1.
1260 566 1283 604 l.
1319 565 1358 603 ΙΙ
1399 567 1418 603 1
1457 578 1490 615 p.
1523 566 1614 616 761)

137 631 250 668 verba
268 631 436 669 Platonis
455 630 490 668 V
510 631 585 668 773
606 630 660 668 sic
678 631 964 679 interpretatus:
1005 623 1128 668 ‘wenn
1149 630 1255 667 nicht
1282 629 1340 668 die
1368 630 1614 679 Philosophen

138 694 343 732 Herrscher
370 694 514 732 werden
542 694 630 732 oder
655 694 713 732 die
741 694 946 732 Herrscher
973 693 1175 741 aufn'chtig
1202 694 1280 731 und
1306 694 1501 742 grundlioh
1529 694 1616 731 Phi-

136 758 300 808 losophie
327 758 488 803 treiben‚
527 757 628 806 giebt
662 769 702 796 es
738 757 822 795 kein
849 757 953 795 Ende
987 757 1087 795 ihrer
1114 757 1251 795 Leiden
1286 756 1346 794 fur
1373 757 1431 795 die
1460 756 1615 795 Staaten

138 822 217 860 und
258 822 317 861 die
357 813 624 868 Menschheit',
659 822 729 860 hoc
768 822 958 870 adiungit:
999 813 1115 860 ‘diese
1151 820 1281 860 Worte
1314 822 1506 860 euthalten
1543 821 1616 860 den

139 886 328 925 Schlussel
355 886 414 923 fur
446 886 574 923 Platos
602 897 717 934 ganze
745 878 905 923 Politik.'
961 885 1047 923 Viro
1075 885 1242 923 Platonis
1269 886 1335 922 uni
1363 886 1531 923 omnium
1559 886 1615 923 in—

137 950 442 998 tellegentissimo
478 961 567 987 cum
593 950 632 987 in
659 950 878 987 universum
904 949 1153 987 contradicere
1182 961 1256 987 non
1284 949 1455 995 audeam,
1484 952 1613 988 tamen

137 1013 176 1050 id
204 1014 302 1051 certe
329 1012 437 1050 facile
464 1013 590 1061 opinor
618 1012 877 1062 appariturum
905 1024 999 1058 esse,
1026 1012 1074 1049 ad
1098 1013 1236 1061 primos
1266 1015 1443 1061 quattuor
1462 1013 1617 1050 Politiae

137 1077 250 1115 libros
277 1079 377 1116 recte
405 1076 690 1125 intellegendos,
730 1077 863 1126 quippe
892 1076 957 1125 qui
994 1076 1039 1115 dc
1072 1078 1153 1126 ipsa
1180 1076 1410 1127 philosophia
1438 1079 1476 1116 et
1502 1077 1620 1126 philo-

138 1141 262 1189 sophis
290 1141 399 1189 plane
428 1141 572 1185 sileant,
599 1141 708 1177 illum
735 1141 861 1177 locum
888 1140 980 1177 nihil
1016 1140 1145 1178 afferre
1172 1152 1290 1188 posse.
1357 1140 1430 1179 Sed
1465 1142 1617 1178 maioris

137 1204 321 1242 momenti
348 1203 396 1241 ad.
414 1204 511 1241 hanc
538 1214 691 1241 remea
720 1205 809 1241 sunt
836 1214 931 1252 quae
958 1202 1013 1240 VI
1041 1203 1117 1241 500
1139 1202 1167 1241 C
1195 1204 1385 1251 leguntur.
1440 1203 1498 1242 Ibi
1517 1204 1618 1242 enim

137 1269 336 1317 postquam
364 1267 409 1304 de
437 1267 735 1316 philosophorum
762 1267 870 1314 longe
900 1266 1045 1305 diversa
1081 1278 1104 1304 a
1131 1267 1282 1315 reliquis
1310 1267 1524 1305 hominibus
1553 1279 1620 1306 na-

137 1333 224 1369 tura
259 1342 303 1369 ac
339 1331 548 1369 studiorum
583 1331 726 1369 ratione
762 1330 867 1369 Plato
903 1342 1079 1380 exponere
1121 1331 1256 1380 coepit,
1293 1333 1406 1380 negat
1439 1342 1501 1370 eos
1529 1343 1617 1381 prae

139 1395 369 1433 sublimitate
396 1394 678 1444 philosophandi
716 1396 754 1433 et
795 1394 893 1443 quod
920 1406 1005 1433 vere
1034 1395 1084 1433 sit
1110 1395 1386 1444 contemplandi
1414 1396 1616 1445 cupiditate

138 1459 286 1508 negotia
314 1459 412 1497 vitae
440 1460 552 1507 atque
579 1459 735 1497 honores
759 1459 889 1507 magni
918 1459 1116 1497 aestimare
1143 1470 1262 1508 posse,
1282 1450 1367 1496 ἀλλ’
1396 1455 1452 1505 εἰς
1479 1472 1616 1510 τεταγ-

136 1521 235 1573 μένα
270 1514 370 1561 ἔτι-α
410 1521 479 1561 καὶ
514 1516 615 1561 κατὰ
655 1514 777 1561 ταύτὰ
814 1514 877 1561 ἀεὶ
913 1518 1049 1571 ἔγοντα
1087 1516 1255 1574 ὁρῶντας
1292 1522 1359 1561 καὶ
1394 1522 1618 1573 θεωμένους

140 1579 218 1624 οὒτ’
247 1579 458 1624 ἀδικοῦντα
487 1578 565 1624 oiic'
594 1579 831 1635 ἀδικούμενα
849 1578 918 1623 ὑπ’
947 1579 1130 1636 ἀλλήλων,
1151 1581 1289 1637 κόσμῳ
1318 1585 1362 1624 δὲ
1390 1582 1522 1625 πάντα
1549 1588 1617 1625 καὶ

137 1643 239 1688 κατὰ
265 1644 380 1701 λόγον
409 1646 558 1698 ἔχοντα,
588 1647 709 1687 ταῦτα
735 1646 955 1699 μιμεῖσθαί
980 1662 1023 1687 τε
1057 1648 1125 1687 καὶ
1155 1642 1217 1687 ὅτι
1243 1644 1417 1699 μάλιστα
1444 1644 1617 1703 ἀφομοι-

140 1712 299 1752 οῦσθαι.
362 1707 622 1763 ‘Philosophus
654 1714 788 1764 igiturff,
824 1714 944 1762 pergit
973 1714 1155 1759 Socrates,
1184 1715 1215 1752 si
1244 1717 1395 1753 coactus
1424 1716 1495 1753 erit
1522 1728 1617 1764 quae

138 1778 190 1817 ibi
231 1778 459 1828 conspexerit
498 1778 537 1816 in
579 1777 773 1827 hominum
814 1778 959 1816 naturis
1002 1788 1046 1816 ac
1087 1777 1254 1816 moribus
1290 1780 1327 1817 et
1363 1779 1540 1828 privatim
1582 1782 1619 1818 et

139 1843 285 1891 publice
312 1842 535 1891 imprimere,
575 1854 709 1881 eumne
737 1853 865 1880 censes
893 1853 1028 1891 parum
1056 1844 1188 1891 aptum
1216 1843 1420 1882 modestiae
1448 1846 1485 1881 et
1512 1844 1619 1881 iusti-

138 1906 212 1945 tiae
249 1908 287 1944 et
322 1906 485 1944 cuiusvis
521 1894 668 1944 virtutis
696 1905 867 1955 publicae
894 1905 1154 1944 fabricatorem
1182 1918 1263 1944 esse
1290 1906 1489 1944 futurum?
1517 1897 1619 1957 ,(ἆρα

139 1964 261 2008 κακὸν
296 1964 527 2022 δημιουργὸν
561 1961 676 2008 αὐτὸν
712 1964 786 2008 οἴει
824 1963 1062 2021 ’γενήσεσθαι
1101 1964 1351 2022 σωφροσύνης
1385 1983 1427 2009 τε
1459 1968 1527 2008 καὶ
1557 1970 1618 2009 δι-

139 2028 346 2085 καιοσύνης
380 2032 449 2070 καὶ
487 2027 693 2084 ξυμπάσης
727 2030 796 2084 τῆς
831 2031 1044 2084 δημοτικῆς
1079 2026 1253 2085 ἆρετῆς,·)
1311 2034 1380 2072 Oui
1416 2036 1495 2073 loco
1531 2047 1618 2073 cum

139 2097 193 2136 VI
222 2098 298 2136 500
327 2097 357 2135 Ε
388 2089 457 2135 οὒκ
484 2087 532 2135 {iv
559 2110 659 2135 ποτε
696 2087 823 2142 ἄλλως
856 2087 1146 2149 εὖδαιμονήσειε
1174 2091 1309 2145 πόλις,
1346 2094 1381 2136 εἶ
1415 2092 1469 2150 μὴ
1504 2090 1620 2151 αὐτὴν

141 2156 403 2213 διαγράψειαν
431 2157 469 2199 οἳ
496 2158 553 2212 τῷ
581 2158 684 2212 θείῳ
714 2157 1006 2213 παραδείγματι
1030 2156 1220 2213 χρώμενοι
1251 2156 1451 2214 ζωγράφοι
1485 2163 1618 2201 adiun-

140 2227 263 2274 gatur,
292 2227 418 2275 aperte
447 2225 616 2274 sequitur
650 2226 695 2263 ut
729 2236 803 2263 non
832 2226 952 2263 solum
980 2225 1141 2264 civitatis
1169 2226 1343 2275 perfectio
1371 2228 1483 2275 atque
1512 2227 1619 2265 abso-

140 2289 234 2328 lutio
262 2289 422 2340 pendeat
450 2290 498 2327 ab
526 2289 785 2339 imprimendis
814 2291 926 2338 atque
954 2289 1205 2339 insculpendis
1240 2290 1313 2328 illis
1350 2290 1484 2329 divinis
1513 2291 1620 2329 iusti-

139 2354 214 2393 tiae
241 2354 480 2404 reliquaeque
507 2354 656 2392 virtutis
696 2354 829 2392 formis
866 2365 889 2391 a
915 2354 1139 2403 philosophis
1168 2355 1374 2404 conspectis
1406 2354 1509 2405 (nam
1538 2367 1618 2394 esse

139 2418 263 2456 ideam
291 2418 458 2456 iustitiae
487 2418 658 2466 quamvis
686 2418 850 2456 diversas
878 2420 1003 2467 partes
1032 2419 1255 2457 continentis
1283 2420 1395 2457 verba
1433 2413 1523 2469 ὁρᾶν
1550 2417 1617 2469 καὶ

141 2479 324 2520 θεᾶσθαι
358 2484 396 2520 et
431 2475 701 2533 παράδειγμα,
740 2493 835 2530 quae
869 2481 947 2519 1000
982 2481 1037 2520 VI
1065 2483 1141 2520 500
1172 2482 1199 2521 O
1220 2483 1249 2520 Ε
1279 2494 1390 2532 supra
1416 2483 1619 2532 perscripto
